2558 4500
75 124 133 179 cet
146 109 302 202 pluribus
316 92 480 197 exemplis
486 102 748 197 Hoogevce'nde
761 94 968 198 particulisc.
976 107 1068 182 XIV.

71 212 166 289 Soet,
181 234 211 278 o.
226 237 262 302 p.
280 210 354 279 sta
369 210 422 275 ed.
436 209 570 279 S'ehiitz.
586 222 621 277 et
635 212 867 301 Xenophontis
879 214 973 280 locos
986 236 1019 282 v.
1030 215 1068 281 in

70 316 201 385 Sturzii
219 317 301 383 Lex.
323 312 407 390 Xen,
418 334 459 379 ·v.
473 320 517 396 εἰ,
548 332 598 381 21.
621 338 654 405 p.
672 312 725 383 52.
743 315 806 381 tibi
823 338 868 382 ex
883 317 1011 406 Cyrcp·
1023 318 1066 403 V,

67 438 103 502 2,
121 440 152 485 2.
168 430 234 484 est:
256 423 294 485 εἴ
310 445 361 496 πη
382 421 440 496 εἴη
463 419 623 502 αἱρέσιμον
642 415 679 484 td
698 422 806 504 τεῖχος.
856 418 925 484 Pro
946 424 1067 505 πέφυ.

65 547 112 590 tte
134 521 201 604 legi
215 520 315 587 etiam
328 518 433 608 possit
454 542 530 585 cum
551 519 816 607 Wyttenbaehio
834 525 1065 611 conculco*

64 648 114 691 xe
130 610 189 688 rel
210 624 426 706 ἐμπέφυκε,
453 622 571 711 prouti
584 623 699 711 paullo
713 621 972 694 inferiussinrili
987 646 1065 691 mod

11 748 19 755 ·
65 724 115 790 do
136 723 276 790 dicitur:
312 729 359 801 οἷς
380 729 413 793 δὲ
436 724 487 792 ὑπ’
506 724 631 810 οἱγνοὶας
651 727 706 796 τοῦ
726 728 821 794 καλοῦ
843 764 884 778 -
904 726 947 776 .;.
967 760 1009 776 ··-
1029 726 1066 794 td

64 826 275 915 ἆμαρτονικὸν
297 826 379 906 οἰνος
400 831 681 925 ἔγγονονέναν,
708 834 812 899 δίδωσι
832 831 1064 912 μεταβαλέσθαι

31 1016 37 1023 .
62 925 189 1018 χρόνον.
233 930 337 1019 Quod
352 931 498 1017 denique
513 929 555 994 ad
576 930 784 1003 vocabulum
803 929 1063 1020 προσιζάνειν

62 1032 208 1116 attinet,
247 1033 334 1105 illud
353 1034 455 1119 plane
474 1030 656 1097 delen'dum
676 1043 774 1119 puto.
838 1031 951 1101 Facile
971 1031 1062 1103 enirn

61 1133 175 1200 lector
200 1133 322 1220 aliquis
347 1132 388 1199 in·
413 1133 566 1219 margine
586 1134 626 1201 ad
653 1134 892 1228 explicandum
915 1137 1061 1204 verbum
1090 1196 1096 1202 .

58 1239 183 1324 πέφυκε
197 1233 412 1309 annotaverit
425 1233 616 1322 προσιζάνει,
639 1237 730 1322 qnod
749 1238 890 1322 deinde,
911 1237 987 1304 loeo
1003 1262 1061 1305 ee-

58 1340 136 1406 mel
148 1360 250 1426 supra
261 1336 416 1422 turbato,
437 1335 550 1403 addito
565 1338 633 1404 vin
648 1350 784 1407 textum
799 1339 987 1429 irrepserit.

203 1576 473 1664 Decapiend.
497 1576 922 1652 exhost.util.o.·1V.
957 1599 959 1603 ‘

218 1688 323 1771 (Wytt.
339 1715 365 1771 p.
380 1708 441 1764 305.
457 1693 535 1769 Lips.
559 1696 644 1754 tlutr.
660 1696 903 1775 T.V11.p.274.)

187 1839 332 1905 Βαθεῖαν
353 1837 505 1902 αὔλακα
527 1814 579 1903 dni
599 1830 711 1921 φρονός
732 1833 945 1920 καρπούμενον
965 1870 1008 1892 ·-·

145 1955 187 2020 In
199 1940 376 2021 notissimo
389 1953 453 2019 hoo
465 1975 567 2018 versu
583 1976 628 2020 ex
646 1952 808 2038 Aeschyli
820 1953 891 2020 vlt.
908 1976 936 2017 c.
947 1954 1060 2029 Theb,

55 2053 134 2141 578.
158 2053 295 2121 Schiitz.
309 2051 400 2139 apud
412 2051 526 2139 ipsum
541 2055 631 2120 Plut.
644 2056 697 2119 De
712 2051 791 2118 aud·
807 2065 896 2140 poet.
912 2079 938 2120 c.
946 2056 1005 2123 XI.
1023 2080 1058 2147 p.

56 2175 134 2222 112.
156 2155 267 2243 Wytt.
283 2151 431 2220 Aristide
441 2176 513 2243 cap.
531 2146 560 2218 5ss
584 2177 620 2242 p.
636 2154 706 2221 206.
726 2158 827 2232 Tem.
842 2158 897 2227 ΠΙ.
921 2157 1054 2225 Schaef·

58 2270 96 2322 et
116 2257 207 2346 apud
229 2255 436 2343 Aeschylum
456 2256 478 2321 l.
502 2279 531 2324 o.
557 2256 719 2323 scribitur
738 2244 871 2326 dioro.
919 2259 984 2325 Res
1005 2270 1075 2326 est.

43 2360 224 2427 ‘momenti
247 2359 320 2425 fere
339 2357 493 2435 minimi;
521 2357 717 2437 idemenim
741 2371 802 2439 est,
823 2372 940 2427 utrum
961 2364 1056 2443 ἅλοξ

57 2463 204 2540 scribas,
227 2486 271 2534 an
284 2459 414 2541 αὖλαξ.
461 2459 526 2528 Sed
542 2471 656 2527 tamen
669 2483 739 2527 non
751 2462 971 2532 retinendum
987 2465 1056 2531 suit

56 2565 97 2631 in
109 2564 311 2629 editionibus
324 2562 409 2627 illud
424 2564 494 2629 αὕλ
504 2589 585 2640 ααα,
606 2574 680 2627 tum
703 2564 794 2648 quod
816 2577 966 2632 metrum
979 2580 1057 2635 tur-

59 2664 224 2755 bat(cu1n
239 2663 374 2730 nonnisi
387 2663 479 2752 apud
493 2662 633 2729 comicos
640 2663 828 2754 tribrachys
836 2680 1055 2755 anapaestum

59 2768 262 2834 antecedere
278 2766 398 2832 soleat:
422 2763 466 2831 cf.
484 2765 671 2831 Hermann.
692 2768 794 2838 Mete.
816 2771 847 2855 ς.
867 2767 1054 2837 155-158.

59 2870 216 2957 inprimis
238 2881 352 2935 autem
373 2867 524 2953 ejusdem
538 2868 788 2937 Praefaticnem
810 2872 854 2937 ad
874 2892 971 2936 suam
984 2870 1058 2936 He-

27 3056 34 3063 ,
60 2974 166 3039 cubae
186 2970 388 3060 Euripidcae
409 2970 594 3038 editionem
610 2970 816 3063 peculiarem
832 2996 867 3062 p.
880 2970 1057 3058 LX.sqq.)‚

29 3076 33 3081 ’
58 3090 136 3142 tum
150 3074 456 3160 quodvocabulum
471 3072 611 3155 αὔλαξ,
639 3085 759 3162 utpote
781 3098 902 3163 prosae
926 3074 1056 3141 oratio-

60 3179 97 3244 ni
114 3178 219 3261 tnagis
232 3177 451 3263 consuetum,
480 3175 552 3265 sine
573 3176 677 3241 dubio
698 3201 718 3242 a
739 3177 886 3261 quodam
905 3175 1056 3255 librario,

60 3281 122 3366 qui
138 3276 271 3346 formae
297 3283 391 3360 ἅλοξ
416 3280 548 3368 saepius
563 3280 651 3367 apud
666 3276 828 3363 Tragicos
843 3274 965 3345 obviae
986 3280 1002 3362 (
1011 3277 1052 3344 ef.

62 3383 183 3471 Eurip.
200 3382 328 3448 Pboou.
347 3383 395 3448 18.
411 3383 456 3448 ib.
471 3378 648 3467 Valcken.)
664 3402 733 3445 non
746 3379 967 3457 meminerat,
997 3404 1058 3447 re-

61 3486 144 3573 poni
158 3485 272 3573 potuit
283 3506 348 3573 pro
361 3484 508 3551 auctoris
526 3479 640 3549 verbo.
669 3481 706 3551 Si
724 3504 803 3549 cum
817 3481 977 3577 Sobiitaio
992 3506 1054 3573 pro

63 3584 146 3651 διαὶ
176 3588 407 3654 scriberemus
430 3585 507 3667 ori,
549 3596 700 3651 metrum
723 3606 794 3651 non
819 3584 1057 3653 adversaretur
