2558 4500
591 1082 593 1087 .
616 962 668 1042 11.

145 1215 427 1301 Lectionum
464 1215 863 1300 Plutarchearum.
887 1213 1133 1330 Speeimeu

581 1399 694 1477 scripsit

266 1542 329 1608 Dr.
352 1544 393 1611 G.
416 1543 457 1609 Η.
480 1480 611 1625 llloser,
645 1539 772 1629 Gymn.
795 1540 883 1608 Ulm.
907 1536 999 1608 Prof.

136 1751 247 1864 Cum
285 1821 375 1864 anno
413 1800 586 1885 superiore
613 1796 801 1865 Plutarchi
840 1793 881 1863 V
877 1797 944 1862 itus
981 1795 1127 1883 aliosque

138 1901 300 1987 quosdam
323 1903 395 1986 ejus
414 1901 519 1965 libros
536 1903 635 1987 plane
657 1899 757 1965 aliam
777 1900 818 1963 ob
837 1921 1000 1983 causam,
1023 1920 1127 1986 ‚quam

136 2015 178 2068 ut
195 2002 238 2066 de
251 2003 403 2070 lectionis
424 2015 580 2091 receptae
602 2003 656 2068 vel
672 2004 911 2068 immutatione
933 2003 991 2073 vel
1004 2000 1127 2067 confir-

134 2102 282 2171 matione
298 2104 489 2190 cogitarem,
499 2105 646 2190 relegere
662 2104 857 2194 coepissem,
870 2104 998 2169 factum
1015 2115 1076 2185 est,
1090 2113 1127 2167 ut

132 2208 172 2273 in
185 2207 378 2295 complures
392 2207 480 2271 locos
494 2205 692 2290 inciderem,
715 2209 773 2292 qui
787 2207 942 2273 nondum
956 2204 1138 2297 persanati·

14 2368 18 2379 .
118 2312 212 2377 ¹settis
230 2310 400 2375 editorum
414 2307 534 2373 studiis
554 2309 765 2375 viderentur.
808 2309 925 2395 Neque
940 2331 1026 2373 vero
1043 2304 1125 2371 mihi

130 2411 300 2479 librorum
328 2411 535 2499 scriptorum
557 2411 760 2497 adjumentis
780 2411 954 2476 destituto?
967 2411 1005 2475 in
1027 2431 1124 2474 men·

130 2527 202 2579 tem
228 2512 344 2578 venire
363 2511 494 2600 potuit,
529 2512 605 2577 fieri
624 2506 739 2601 p'osse,
775 2526 814 2576 ut
843 2514 919 2578 mei
946 2511 1123 2598 qualicun-

130 2604 197 2701 que
225 2614 329 2701 operi
356 2611 555 2677 Plutarchus
581 2614 648 2679 illis
672 2616 754 2680 locis
784 2615 847 2679 sibi
872 2615 938 2702 ipsi
960 2615 1123 2680 reddere·

129 2729 207 2796 tur3
249 2725 289 2779 ut
300 2713 413 2801 potius
429 2714 465 2778 id
481 2736 589 2779 unum
608 2738 825 2800 quaererem,
855 2728 896 2780 ut
912 2719 1122 2800 conjectura,

128 2839 215 2907 quae
232 2814 318 2882 mihi
329 2812 636 2882 commodissimam
649 2817 810 2883 adhibere
833 2819 1002 2883 medelam
1022 2815 1122 2881 vide-

125 2933 240 3003 retur,
263 2917 344 3006 quid
360 2916 570 3002 potissimum
582 2917 780 2985 Plutarchus
803 2922 856 2985 vel
875 2919 1049 3008 scripserit
1070 2917 1121 2982 vel

126 3036 218 3091 certe
233 3019 392 3096 voluerit,
412 3041 609 3106 augurarer.
652 3021 697 3085 Et
713 3032 784 3086 erat
796 3045 876 3086 sane.
890 3021 1121 3102 notissimum,

34 3170 36 3172 -
123 3148 227 3214 quam
239 3121 338 3212 parvi
352 3144 373 3186 a
389 3121 472 3188 viris
486 3121 656 3209 primariis
672 3123 747 3205 illa,
770 3148 873 3211 quam
889 3123 1025 3206 dicunt,
1050 3124 1119 3190 cri-

121 3229 195 3295 tica
216 3226 481 3314 conjecturalis,
520 3223 789 3309 existimaretur,
823 3238 857 3290 et
878 3226 914 3290 in
935 3226 1010 3312 ipso
1033 3226 1116 3291 Plu-

120 3331 239 3399 tarcho
261 3329 341 3396 satis
361 3351 620 3419 perspexeram,
664 3342 746 3414 quot
766 3331 910 3394 vulnera
933 3327 1060 3394 Reiskii
1080 3327 1116 3392 in

23 3504 28 3511 ,
121 3432 331 3501 emendando
345 3429 419 3496 sive
431 3424 572 3496 facilitas
586 3429 657 3495 sive
672 3432 844 3497 temeritas
865 3428 998 3496 auctori
1019 3428 1115 3494 infli-

118 3539 228 3618 xerit,
250 3556 458 3621 quamquam
475 3530 533 3597 ille
554 3532 612 3598 vir
632 3537 803 3621 permulta
823 3556 960 3622 quoque
983 3529 1113 3620 egregie
1161 3616 1164 3621 ¹

116 3638 302 3706 restituisse
314 3640 389 3722 jure
401 3634 569 3701 videatur.
613 3637 708 3702 Illam
729 3649 845 3702 tamen
868 3635 1006 3701 veniam
1020 3656 1113 3698 sem-

114 3762 177 3830 per
197 3740 310 3806 datam
332 3738 539 3827 petitumque
560 3738 665 3803 fuisse
686 3738 848 3819 sciebam,
893 3748 931 3801 ut
952 3729 1056 3800 suam¹
1071 3732 1112 3799 de

114 3842 195 3909 locis
208 3843 372 3945 epiruptis
384 3839 587 3907 senteutiam
603 3840 752 3907 dicerent
771 3840 816 3923 ii,
832 3836 904 3927 'qui
918 3838 1110 3906 accuratius

112 3955 272 4012 veterum
303 3944 407 4012 libros
442 3943 679 4013 tractavissent
711 3956 898 4031 cuatosque,
926 3941 1009 4008 inde
1036 3959 1108 4007 esse
