2558 4500
367 414 429 527 'ue
449 454 548 526 ras.
571 465 612 522 st
632 453 742 524 our.
766 478 794 522 ο.
811 451 903 531 xta
966 456 970 461 ·
1048 519 1051 527 .

458 577 554 649 (ΗΜ
569 571 604 630 T·
618 575 669 633 ¹X·
682 594 710 651 r·
726 576 800 651 us)

261 697 325 771 Aut
340 697 393 770 τὼ
414 700 545 785 Thasius
558 693 616 777 Za*
623 710 649 768 θ
669 694 920 782 αἐῖΛίγύπτωι
932 697 1091 769 saloissa?

219 802 295 871 Jam
316 801 467 891 Squirius
487 801 622 867 monuit
641 823 762 866 verum
784 824 853 868 non
877 825 967 878 esse,
1011 803 1128 891 Aegy-¹

134 905 221 995 ptius
235 907 406 995 Typhona
422 902 504 971 Seth
520 925 656 991 semper
670 902 861 991 appellasse.
905 903 1001 989 Besssi
1012 917 1048 970 et
1060 887 1131 989 lsai

135 1031 216 1080 eum
237 1007 415 1095 aliquando
436 1005 612 1095 vocabant,
632 1018 671 1070 ut
683 1005 839 1078 videmus
861 1029 906 1072 ex
926 1029 953 1079 s,
968 1007 1074 1075 LXII.
1094 1030 1134 1095 p„

137 1109 208 1200 189.
240 1112 350 1177 -Certe
362 1111 464 1196 igitur
476 1108 540 1175 siat
555 1107 760 1177 aPlutarchi
772 1133 877 1174 manu
892 1133 962 1174 esse
977 1134 1050 1175 non
1063 1133 1128 1198 po-.

65 1268 68 1279 .
133 1225 214 1296 test3
241 1204 437 1287 uude-'illud
452 1210 605 1298 Squirius
618 1211 677 1293 ¹val
692 1211 797 1299 plane
818 1211 940 1291 doleri,
976 1214 1034 1278 vel
1055 1213 1127 1283 loco

132 1317 205 1400 ojus
222 1327 259 1383 ct
276 1317 360 1407 poni
376 1314 492 1381 voluit.
535 1311 686 1393 Accedit,
716 1312 807 1399 quod
818 1312 1000 1380 Salmasius
1016 1335 1127 1399 quae·
1156 1362 1163 1371 -

131 1416 193 1498 rit,
212 1442 298 1490 uum
319 1417 408 1483 sorte
427 1409 531 1493 Σᾶθι
558 1413 771 1481 scribendum
796 1417 847 1483 sit
892 1415 991 1483 Unde
1004 1414 1057 1480 vis·
1071 1414 1125 1483 ille

132 1518 342 1585 doctissimus
355 1521 421 1586 hoc
437 1518 612 1607 Typhonis
629 1539 756 1586 numen
774 1516 942 1598 hauserit,
972 1516 1124 1606 reperire

130 1643 202 1691 uon
217 1619 322 1711 potui.
359 1620 431 1703 ¹Sed
448 1620 477 1686 si
494 1619 758 1687 existimandum
771 1629 839 1699 est,
867 1617 953 1683 illud
972 1641 1018 1686 ex
1030 1618 1124 1685 fonto

21 1762 27 1773 ·
128 1721 222 1791 haud
243 1723 489 1790 contemnendo
515 1745 585 1789 esse
604 1724 792 1809 prolatum,
819 1720 923 1806 idque
945 1743 1126 1811 perperam

17 1886 21 1895 .
128 1823 167 1891 in
191 1847 318 1889 nomen
336 1825 490 1913 usitatius
512 1825 698 1904 traasfissc,
742 1833 860 1887 nostro
883 1834 973 1892 certe
993 1825 1069 1890 loco
1091 1835 1124 1889 et

127 1926 241 2015 paullo
254 1924 395 1999 iuferius
408 1926 617 2014 corruptelae
632 1946 747 1994 caussa
764 1923 862 1993 facile
876 1925 1002 2013 detegi,
1025 1947 1123 2025 men-

12 2105 15 2110 ·
127 2028 276 2113 dumque
296 2028 408 2093 sanari
426 2027 562 2117 poterit.
612 2028 680 2101 Fae
706 2028 798 2095 enim
817 2029 1039 2095 Plutarchum
1062 2027 1122 2092 de·

126 2129 265 2199 elisisset
292 2132 426 2224 Τυφῶνα
438 2136 570 2210 EAG!
583 2132 652 2200 ‘01
659 2131 827 2220 Αἰγύπτιοι
842 2133 1002 2198 καλοῦσιν·
1023 2129 1119 2205 facilc

124 2233 206 2301 inde
225 2232 346 2299 fecerit
362 2232 494 2319 faliquis
517 2232 729 2321 transpositis
758 2234 865 2299 literis
890 2242 1023 2302 ΣΙΘΑ
1051 2232 1116 2305 ‘os

124 2335 220 2409 Alius
233 2335 427 2407 desemine
440 2334 528 2416 Σήθ
549 2358 596 2411 ex
612 2336 722 2402 veteri
737 2344 939 2404 testamento
960 2335 1117 2423 cogitans.

123 2436 291 2525 simulque
305 2437 448 2505 fortasse
462 2440 648 2506 dictantem
662 2438 819 2520 audiens,
847 2438 907 2525 qui
922 2437 1119 2511 Itacismum

122 2538 160 2608 in
178 2541 432 2632 pronunciando
452 2555 667 2631 sequeretur,
696 2541 829 2631 scripsit
847 2550 880 2613 Σ
891 2552 933 2612 Η
941 2550 969 2611 θ
983 2547 1035 2612 ,Α
1045 2544 1115 2613 ΕΙε

124 2640 182 2719 Sic

493 2795 552 2865 Ib.
575 2802 610 2863 oi
625 2796 744 2868 XLIX.

449 2913 543 2987 (liuto
560 2916 594 2970 T.
607 2917 658 2972 IX.
674 2936 701 2991 p.
716 2924 786 2984 ιτα.)

205 3058 247 3075 -
256 3024 310 3091 stul
321 3018 453 3100 τοῦνομα
463 3027 625 3114 κατηγορεῖ
633 3023 670 3091 ssi
682 3034 715 3092 Σ
720 3021 740 3103 a*
745 3033 781 3104 θ,
803 3020 892 3109 ᾥτόν
911 3022 1045 3107 Τυφῶνα
1056 3049 1126 3115 κω·Ι

121 3126 215 3195 λοῦσι.
233 3148 296 3213 pro
312 3121 340 3208 ql
359 3122 460 3209 vulgo
482 3136 556 3190 erat
575 3124 633 3195 αὖ.
677 3125 870 3194 Statuamus
891 3150 910 3191 a
931 3125 1114 3191 Plutarcho

119 3252 190 3296 esse
210 3227 334 3311 Σάθι,
357 3228 376 3297 t
384 3279 394 3312 ,
422 3229 515 3300 unde
533 3230 618 3297 item
632 3231 720 3297 alter
733 3228 892 3294 librarius
907 3227 1029 3292 fecerit
1042 3234 1113 3295 ΣΙ-

120 3337 203 3417 ΘΑ,
224 3335 280 3416 ’0,
302 3332 480 3399 altervero
497 3333 633 3414 eodem,
661 3354 729 3420 quo
744 3354 863 3418 supra,
893 3329 995 3394 modo
1008 3336 1113 3398 ΣΗΘ

117 3444 201 3515 AY;
236 3434 408 3527 corruptio
428 3436 588 3519 tolletur,
618 3436 646 3501 si
668 3435 853 3508 scribamus
878 3433 993 3519 priore
1013 3431 1112 3496 locos

119 3536 259 3621 Reciso
278 3534 384 3605 Σάθι
405 3546 443 3605 οἱ
462 3537 630 3624 Αἰγύπτιοι
649 3540 794 3606 καλοῦσι·
823 3535 1028 3623 posteriore:
1059 3539 1113 3601 sal

115 3643 248 3729 satraps
276 3647 437 3729 κατηγορεῖ
455 3639 492 3709 ω’
511 3639 639 3719 Seius,
682 3640 700 3709 δ’
729 3639 782 3708 τᾶν
808 3640 942 3724 sasave
970 3638 1110 3705 καλοῦσι.

116 3741 218 3832 Quae
240 3740 325 3808 ratio
348 3755 381 3808 et
402 3743 482 3810 alias
508 3744 665 3813 virorum
695 3743 874 3811 ductorum
902 3738 1111 3810 mutationes

115 3866 380 3935 supervacaneas
393 3847 560 3914 redderet.
