2558 4500
971 307 980 335 ι
1057 278 1096 347 51

60 474 141 522 rum
156 449 296 518 nomina
308 467 488 514 assumere.
533 446 587 516 Sic
602 446 781 516 Persarum
797 470 899 537 reges,
921 450 980 538 qui
996 474 1016 518 a
1030 454 1100 518 sole

63 581 100 624 se
115 555 276 621 oriundos
290 563 514 644 putaverunt,
536 573 660 617 nomen
677 555 747 638 ejus
763 575 898 638 quoque
910 555 971 620 sibi
987 555 1100 620 vindi·
1144 554 1147 561 “

62 661 196 725 cabant.
224 658 277 722 Ex
295 679 361 743 quo
377 655 584 744 intelligitur,
606 678 665 722 cur
680 656 812 742 primus
829 657 1008 723 Persarum
1024 680 1097 739 rex,

12 776 19 789 ¹
51 776 163 837 antea
185 761 289 825 dictus
302 759 529 849 Agroclatus‚
559 768 599 822 ut
620 770 737 824 auctor
752 772 799 824 est
816 758 937 826 Strabo
956 784 991 850 p.
1008 758 1099 843 1060,

60 876 279 957 posteaquam
304 884 448 949 regnum
473 872 520 927 est
547 859 713 948 adeptus..
738 884 862 928 nomen
880 863 963 952 Cyri
983 876 1100 931 nactus

60 973 116 1047 sit,
133 969 222 1054 quod
239 966 374 1032 Persicis
389 965 503 1050 lingua
518 963 602 1029 nihil
616 963 706 1028 aliud
724 964 875 1043 sonabat,
893 968 957 1034 nisi
971 970 1100 1050 solem3

59 1074 129 1139 vid.
151 1071 291 1137 Dorvill.
318 1069 358 1133 ad
376 1068 547 1133 Chariton.
566 1089 599 1153 p.
613 1068 687 1131 511.
702 1069 775 1131 512.
819 1069 869 1132 Ita
895 1071 986 1136 enim
1008 1096 1099 1138 non·

58 1174 162 1256 nulli,
185 1185 315 1238 veteres
341 1182 510 1242 auctores.
535 1169 692 1258 inprimis
717 1169 863 1235 Ctesiam
886 1173 1009 1254 secuti,
1032 1196 1099 1239 vo.

57 1282 155 1354 lunt,
178 1283 231 1355 (v.
254 1297 285 1361 g.
310 1275 410 1338 Barn.
427 1273 570 1337 Brisson.
596 1270 638 1335 de
662 1295 729 1359 reg.
746 1273 852 1361 pn'nc.
867 1275 957 1345 Pers.
973 1299 1007 1365 p.
1022 1275 1097 1343 615.

59 1381 219 1463 Larcher.
237 1378 278 1442 ad
294 1377 380 1440 Ctes.
396 1386 544 1463 excerpt.
563 1374 685 1440 Persic.
702 1399 770 1462 cap.
781 1377 831 1462 49.
854 1399 927 1466 pag,
936 1377 1097 1464 502seqq.
1170 1384 1173 1397 ι
1235 1392 1238 1410 .

59 1487 161 1552 Tom.
185 1482 239 1547 Vl.
271 1479 421 1542 translat.
447 1478 622 1550 Herodot,
661 1478 802 1543 Heeren.
823 1480 920 1544 ldeen
936 1491 994 1545 etc·
1016 1480 1097 1563 l‚'s.

56 1575 91 1676 p.
111 1583 163 1650 181
177 1581 288 1668 —295
305 1582 357 1646 ed.
374 1579 564 1649 Vinslobon.
591 1580 664 1644 coll.
684 1579 806 1665 Corajo
832 1582 872 1646 ad
889 1583 973 1649 Plut.
990 1573 1097 1650 Arta-

56 1711 156 1756 xerx.
177 1684 220 1772 1.)
243 1685 317 1748 licet
333 1681 389 1747 alii
404 1683 469 1747 alia
479 1703 595 1746 rursus
610 1680 739 1746 ratione
763 1683 828 1748 hoc
848 1706 971 1749 nomen
987 1678 1098 1774 expli-

56 1793 205 1859 candum
213 1797 386 1875 putarent,
410 1802 556 1870 quorum
573 1794 693 1869 agmen
708 1784 799 1851 ducit
810 1779 963 1852 summus
978 1786 1005 1850 J.
1015 1785 1097 1851 sca-

55 1896 142 1980 liger
161 1892 202 1957 de
219 1886 390 1977 ¹emendat.
414 1898 518 1973 temp.
539 1907 616 1972 pag.
632 1885 703 1950 586.
720 1887 755 1951 B.
770 1889 830 1970 C.;
869 1889 960 1976 quod
983 1903 1097 1954 tamen

54 1995 169 2086 ipsum
184 1993 234 2060 nil
243 1989 410 2077 impedit,
438 2010 505 2073 quo
525 1987 639 2050 minus
655 1985 803 2072 priorem
820 1990 913 2056 illam
929 1991 1095 2057 rationem

53 2097 320 2186 amplectamur,
343 2090 512 2176 siquidem
537 2089 730 2154 etiamnunc
744 2093 793 2156 sol
807 2093 897 2180 apud
912 2093 1028 2159 Persas
1042 2093 1096 2159 di-

55 2201 146 2268 citnr
161 2199 261 2265 Koar
274 2220 298 2260 s.
316 2193 426 2262 Kolsr.
682 2200 686 2211 “
1094 2207 1110 2221 “

143 2303 227 2368 Inde
250 2298 462 2374 factumest,
489 2303 546 2376 ut,
576 2290 635 2380 qui
653 2290 808 2383 deinceps
826 2293 957 2383 Cyrum
973 2320 1097 2384 seque.

54 2418 178 2476 rentur
191 2422 283 2488 reges
291 2401 481 2478 Persarum,
505 2418 584 2460 eum
599 2416 731 2460 morem
752 2407 914 2479 tenerent,
936 2411 985 2475 ut,
1008 2401 1098 2488 quod

54 2531 182 2591 nomen
207 2517 305 2570 antea
330 2497 458 2590 privati
481 2497 576 2585 quasi
597 2509 782 2586 gesserant,
819 2499 919 2585 illud,
952 2525 1097 2591 regnum
1163 2528 1166 2533 ·
1221 2551 1225 2562 .

56 2607 181 2698 adepti,
204 2604 375 2686 eumalio,
400 2623 508 2687 eoque
530 2599 833 2684 honorificentiori,
857 2604 947 2690 qnod
961 2605 1098 2671 divinae

57 2711 171 2800 stirpis
192 2702 292 2793 atque
318 2705 489 2796 potentiae
516 2702 684 2788 subjectos
712 2705 857 2791 populos
887 2692 1096 2791 admoneret,

57 2806 322 2892 commutarent3
344 2809 409 2873 vid.
421 2805 567 2892 Scaliger
577 2804 600 2869 l.
617 2805 637 2869 l.
653 2802 805 2893 patos.
822 2806 932 2892 59213.
949 2807 1094 2872 Brisson.
1106 2872 1119 2888 .

56 2919 82 3005 l.
99 2917 123 2981 1.
139 2910 381 3001 p.15,lleeren.
396 2907 569 2973 Ideenetc.
584 2907 608 2972 I.
625 2931 660 2996 p.
668 2909 739 2994 295.
758 2909 833 2973 coll.
846 2907 916 2973 181.
940 2907 996 2975 Sic
1011 2931 1097 2995 quo-

58 3040 126 3107 que
140 3013 323 3105 posteriore
337 3030 418 3076 aevo
435 3006 646 3085 Sassanidae‚
680 3029 761 3095 quos
786 3008 1014 3075 tenacissimos
1037 3033 1096 3075 ve·

57 3118 138 3187 teris
166 3114 271 3183 moris
293 3116 361 3200 jam
388 3109 678 3197 supravidimus,
701 3110 885 3176 audiebant
899 3111 1096 3200 participes

57 3223 232 3299 siderum,
247 3217 387 3307 fratres
401 3211 504 3291 solis,
528 3212 632 3275 sosias
648 3210 737 3288 orbis
753 3211 896 3293 domiai,
920 3237 1021 3304 reges
1037 3237 1096 3280 re-

52 3350 142 3419 gum
157 3337 238 3402 etc.3
261 3318 329 3407 qual
350 3316 393 3380 de
415 3337 452 3381 re
465 3314 535 3379 vid.
554 3313 679 3380 Hoeck.
695 3315 906 3386 Monument.
925 3327 990 3381 vet.
1005 3316 1095 3382 Med.

57 3441 93 3494 et
107 3428 200 3493 Pers.
216 3447 251 3511 p.
265 3423 318 3488 44.

144 3521 291 3599 ausoris
312 3523 367 3605 pla
380 3517 535 3599 ’Ἕλληνας
555 3519 629 3607 ἔρχῃ
651 3513 772 3595 naaria
791 3511 865 3586 ridde
881 3510 966 3604 dyas
985 3519 1038 3586 ἐπὶ
1055 3511 1096 3584 sal

56 3631 191 3717 Περσῶν
217 3622 321 3711 dyada}
331 3623 359 3706 ·]
381 3621 481 3686 Recte
496 3619 532 3684 in
546 3632 679 3685 textum
698 3641 789 3683 nunc
804 3631 1005 3707 receperunt
1019 3619 1093 3703 epi·
1203 3641 1234 3697 ,χ

56 3747 146 3801 tores
162 3724 352 3815 nuperrimi
367 3745 481 3788 veram
492 3722 670 3787 lectionem
684 3720 807 3805 aaronis,
825 3723 859 3786 in
873 3723 967 3805 cujum
977 3722 1092 3789 locum
1167 3761 1169 3766 =

55 3819 1092 3920 vulgataseditionesoccupaveratpravumaaaattaminatum

47 3930 190 4025 'quidem
205 3943 339 4020 praeter
354 3937 504 3993 nostrum
524 3925 596 3993 aliis
613 3945 748 4013 quoque
763 3925 867 4006 libris,
887 3946 1092 4011 aequavero

49 4036 276 4127 probandum.
328 4029 439 4097 Poscit
461 4028 551 4095 enim
572 4050 641 4093 uon
663 4028 775 4093 solum
790 4046 904 4095 aeneus
921 4028 1089 4114 totiusque

325 4149 329 4159 ·
610 4141 614 4146 ’
682 4128 756 4194 Da
