2558 4500
172 349 250 425 1¹7⁰

270 494 443 566 Facillime
456 517 566 576 nunc,
590 517 700 616 qumi
707 496 838 566 tamdiu
852 510 977 565 vestra
999 490 1171 588 patientia
1184 500 1233 565 al·

112 665 114 672 ,
135 666 139 674 ,
184 610 265 668 alsus
281 601 362 681 sim,
378 601 515 665 «laturos
539 600 606 667 Vos
628 600 770 689 opinor,
793 598 820 663 si
836 601 1018 687 palaestra
1036 604 1157 668 relicta
1172 626 1234 690 me-

183 700 324 770 lioribns
346 724 401 766 me
421 704 534 769 locum
558 701 679 767 fecero.
712 701 816 792 Quod
831 703 859 767 si
874 703 951 789 quis
970 705 1144 772 Vestrum
1162 707 1235 770 male

147 795 149 805 ¹
184 828 241 872 me
266 828 306 870 eo
330 805 469 871 nomine
482 799 648 894 ‚incipian
670 807 761 891 quo'd
778 806 912 894 exiguis
929 808 1152 894 plerumque:
1165 808 1234 871 haec

176 909 228 974 vde
249 896 475 997 Theopompi
488 905 637 994 epitoma
663 907 900 978 commentatio
929 922 1181 998 superstructa
1201 909 1236 974 sit

184 1011 425 1091 fundamentis,
447 1021 487 1074 ut
504 1010 605 1075 meris
619 1012 742 1101 passim
760 1013 1131 1097 conjecturisinnixa,
1155 1037 1236 1078 com*

184 1117 352 1203 modeque
367 1116 435 1180 huc
448 1113 630 1200 quadrare,
653 1137 739 1201 quae
753 1110 794 1179 de
807 1117 978 1180 scalarum
996 1102 1169 1203 gradibus
1185 1118 1234 1181 Ci·
1271 1152 1275 1165 ·

183 1218 300 1286 ceroni
314 1217 371 1300 (ad
384 1216 461 1283 Div.
477 1218 534 1298 Vl,
551 1219 596 1299 7.)
620 1217 787 1306 scripserit
804 1217 968 1282 Caecina:
1003 1218 1120 1285 is'me
1142 1219 1235 1284 vehe-

183 1321 330 1388 mentius
344 1331 476 1385 motum
490 1321 542 1384 vel
555 1320 673 1385 animo
689 1331 844 1385 casurum
859 1317 964 1384 fuisse
979 1322 1088 1407 sciat,
1113 1324 1141 1388 si
1157 1346 1234 1388 nova

183 1425 269 1489 mihi
296 1435 399 1508 atque
426 1423 628 1510 necopinato
653 1422 858 1487 accidissent.
886 1461 889 1465 <
932 1423 1044 1510 Quae
1073 1440 1233 1512 qnatenus

182 1527 254 1615 ipse
272 1527 336 1591 sim
355 1525 599 1606 calumniatus,
645 1526 756 1610 quoire
785 1548 853 1588 non
873 1525 946 1589 sine
969 1528 1106 1596 idonea
1128 1553 1232 1599 caussa

182 1627 309 1692 veritus
323 1627 406 1710 sim,
429 1629 590 1716 Vestram
605 1651 697 1692 nune
712 1639 762 1692 eat
780 1626 963 1724 jpdicium,
998 1632 1170 1701 benevoli
1188 1630 1232 1700 le'-

182 1743 303 1797 olores.
347 1730 464 1810 Valere
480 1741 582 1816 alque
597 1727 722 1794 favete.

181 1903 390 1924 ’‘FP—¹⁸·-

251 2006 372 2059 Manntio
390 2006 424 2058 ad
442 2006 498 2060 Cic.
517 2025 559 2075 ep.
578 2007 612 2058 ad
628 2007 690 2060 niv.
704 2007 751 2068 lv,
768 2026 793 2064 2.
811 2027 868 2078 pag.
881 2009 944 2063 254.
961 2011 1008 2066 ed.
1027 2012 1125 2068 Richt.
1135 2053 1143 2079 ,
1169 2016 1232 2079 cuim

249 2093 299 2144 ego
316 2076 463 2140 rationem,
486 2077 520 2128 ad
536 2095 628 2145 graeca
645 2075 764 2143 proxime
781 2080 965 2143 accedentem,
992 2081 1090 2140 nullus
1111 2082 1232 2146 dubitari,

90 2151 94 2159 “
249 2143 313 2212 quin
331 2161 415 2196 meam
435 2146 555 2200 facerem.
584 2145 617 2198 cf.
636 2145 869 2210 adDiv.X11,5.
888 2149 962 2199 idem
981 2150 1098 2206 obtinet
1116 2153 1145 2205 in
1164 2153 1231 2204 Orat·

161 2218 162 2221 ’
248 2229 297 2279 pro
315 2212 352 2264 M.
372 2213 466 2266 Coelio
487 2231 541 2281 cap.
561 2212 640 2266 XIX.
673 2216 729 2266 Sed
746 2212 850 2282 inerat,
875 2217 933 2272 nisi
950 2237 993 2273 me
1011 2231 1139 2290 propter
1158 2222 1231 2274 beni·

169 2278 173 2290 '
243 2277 402 2339 ¹solentiam
417 2281 499 2352 sorte
514 2280 671 2352 fallebat,
685 2285 767 2337 ratio.

342 2386 398 2437 Jam
418 2381 481 2438 sotir
500 2397 558 2451 est,
592 2404 627 2438 ne
645 2403 687 2437 mc
705 2385 821 2458 Crispini
838 2388 933 2441 scrinia
951 2389 1021 2456 lippi

312 2492 314 2497 .
344 2452 507 2527 Compilassa
525 2468 617 2526 putes,
647 2457 757 2510 verbum
774 2476 829 2513 non
846 2461 957 2528 amplius
975 2461 1088 2516 addam.
