2558 4500
995 300 1034 344 1³

120 442 214 517 sala}
231 452 271 508 (v.
283 451 364 517 supra
376 446 502 509 Pausau.)
516 447 561 498 ital
573 428 654 515 αοφῆ,
678 463 708 497 ca
726 443 761 498 ad
779 444 867 519 ipsam
881 445 1036 501 Corinnam

120 514 230 582 referre·¹
243 512 337 567 nullus
357 512 465 567 dubito·
509 512 592 585 Quod
612 514 636 566 si
655 517 837 581 concedatur,
864 521 976 580 vercor,
1001 524 1037 568 ne

122 599 268 640 evanescat
300 582 386 636 oc‘tria
401 582 496 652 Myia,
530 600 613 677 apuam
630 598 703 636 tanta
717 602 783 636 cum
795 583 961 637 confidentia
975 582 1037 638 lita·

119 658 226 707 ratores
242 602 323 706 nobis
336 651 490 706 venditant.
517 652 592 705 bam
606 671 675 724 quae
689 651 723 706 de
736 650 786 705 illa
801 652 835 705 ab
847 652 909 707 aliis
943 651 1038 706 uibus·

122 722 187 776 dam
210 739 334 775 veterum
353 719 544 793 proferuntur,
585 739 676 774 merae
703 739 759 774 esse
785 724 869 775 tricae
893 673 1037 786 videntur,

122 789 224 865 quibus
244 783 422 863 expediendis
443 785 552 842 Olearii
571 785 734 861 quidemst
788 790 870 843 raldi
889 798 966 863 pares
979 809 1038 844 nou

121 875 215 923 erant,
236 878 302 932 quas
315 878 383 913 vcro
395 873 506 913 nostrae
519 857 613 910 aetatis
626 857 714 912 lector
724 878 757 930 pa
792 857 819 911 lo
832 859 958 914 nasutior
971 859 1038 914 faci·

118 927 146 982 lc
160 929 280 980 dirimet.
320 928 420 980 Suiclas
431 927 522 1002 igitur
536 928 572 979 Τ.’
586 930 624 980 Il.
644 948 673 1001 p.
687 936 745 995 584.
760 945 850 1000 exque
861 946 892 981 eo
910 928 1039 982 Eudocia

54 1004 57 1009 '
115 1017 144 1070 p.
159 1006 220 1063 503³
238 997 279 1051 sic
293 995 390 1050 habet:
872 1008 882 1019 ⁸

186 1069 262 1121 Μυῖα
280 1063 434 1132 Θέοπιααὴ,
465 1064 572 1134 λοριαὴ,
601 1065 670 1135 μέλη
688 1059 759 1132 apris
775 1063 859 1134 λα’ραν
877 1061 1040 1187 αἶρααὲἱρνσαι

184 1139 263 1189 Μυῖα
286 1135 474 1204 Σπαρτιᾶτις,
511 1132 650 1203 ποιήτρια.
684 1127 783 1203 ὕμνους
813 1132 850 1189 εἰς
878 1130 950 1187 Ἀπ’
983 1152 1041 1186 τινα

115 1201 318 1270 sumpseram.

186 1269 312 1324 Priorem
329 1269 443 1324 eandem
457 1286 529 1336 csse,
558 1287 643 1342 quam
657 1285 739 1341 snpra
750 1267 894 1323 vidimus:
918 1262 1041 1334 Κόριννα

117 1338 216 1407 (Μυῖα
238 1357 275 1392 sc.
300 1339 510 1412 cognominata)
525 1343 643 1404 Θεοπέα,
678 1335 788 1408 λνριαὴι
823 1337 887 1409 quis
909 1333 1041 1389 dubitet?

60 1406 63 1412 ’
118 1406 172 1477 (cf.
194 1421 253 1461 not.
291 1411 317 1476 .)
351 1410 444 1481 Atque
464 1409 504 1473 ita
518 1407 613 1460 visum
633 1420 673 1459 eet
691 1409 747 1478 jam
768 1407 794 1458 J.
812 1421 848 1459 Α.
868 1405 996 1459 Fabricio
1008 1403 1041 1456 in

124 1475 198 1528 Bibl.
210 1423 304 1528 Gai
314 1479 453 1549 11.p.151.
471 1475 549 1530 Alter
561 1474 640 1530 locus
655 1493 689 1528 ex
701 1474 824 1528 carmine
836 1472 1042 1530 fortassclluxit

122 1559 171 1598 aut
183 1543 385 1617 epigrammate
395 1544 504 1619 aliquo,
529 1545 561 1596 in
582 1562 638 1626 quo
662 1564 731 1618 quae
750 1543 860 1617 poetice
881 1544 1042 1605 dictaesset

119 1614 209 1676 Μυῖα,
230 1630 244 1663 a
257 1613 445 1668 Grammatico
455 1615 487 1668 in
503 1612 610 1668 scholia
623 1613 772 1666 referretur
781 1632 832 1687 pro
844 1613 953 1686 poetria
966 1629 1043 1664 nova

116 1690 152 1732 *ec
160 1679 293 1734 inaudita.
329 1683 382 1736 Sed
393 1682 449 1738 hoc
462 1703 520 1739 non
531 1682 619 1758 magis
642 1702 725 1755 quam
746 1701 796 1753 par
814 1699 857 1735 est
873 1697 1041 1755 premamus,

122 1768 173 1802 nec
195 1749 373 1805 irrideamus
394 1753 534 1826 Spartanis
547 1750 693 1826 poetriam
713 1750 826 1822 Myiam
844 1768 902 1805 non
930 1746 1042 1802 aliunde
1089 1790 1092 1795 .

120 1832 208 1897 quam·
224 1839 259 1871 ex
278 1812 333 1873 hoc
350 1818 412 1874 solo
429 1820 538 1876 scholio
554 1837 659 1874 notam.
701 1821 862 1878 Vestustam
882 1824 1042 1893 Spartanam

71 1920 77 1927 ·
119 1898 256 1962 poe'tnam
270 1889 404 1944 novimus
417 1910 451 1943 ex
462 1892 550 1946 Alcas.
570 1893 616 1943 Fr.
630 1890 751 1947 XXVII.

188 1957 342 2012 Enimvero
359 1959 415 2012 duo
427 1975 533 2014 veteres
550 1959 715 2032 scriptores,
739 1955 808 2011 alter
826 1957 941 2030 quidem
959 1953 1041 2019 lavis,

120 2021 228 2078 nullius
245 2025 302 2080 fere
323 2027 390 2082 alter
406 2027 437 2080 in
453 2029 499 2082 his
519 2029 603 2082 rebus
622 2026 809 2091 auctoritatis,
835 2027 869 2082 de
893 2024 973 2098 Myia
986 2039 1044 2077 tan·
1092 2029 1094 2033 ’

122 2111 205 2166 qnam
222 2094 255 2148 de
268 2094 373 2149 illustri
385 2097 492 2170 poetria
506 2113 534 2150 et
546 2098 598 2151 sub
611 2094 668 2149 lroc
680 2097 690 2147 i
711 2113 741 2148 so
753 2096 868 2149 nomine
880 2103 934 2167 per'
944 2092 1043 2146 orbem
1125 2116 1129 2123 ·

118 2161 231 2235 vulgata
254 2162 418 2236 loquuntur.
470 2166 552 2219 Clam.
575 2166 656 2219 Alex.
700 2177 779 2216 trem.
802 2167 850 2221 IV.
872 2183 898 2235 p.
922 2175 983 2227 525.
1008 2164 1042 2212 B.

120 2234 355 2300 Παραπέμτταμαι
372 2240 463 2287 τοίνυν
480 2232 630 2290 cardiles
649 2229 694 2285 deal
712 2231 743 2286 ad
768 2233 854 2301 μῆκος
876 2229 924 2284 tori
949 2226 1044 2298 λόγου·

121 2295 190 2366 μήτε
209 2298 257 2355 τοὶς
275 2307 421 2368 ποιητρίας
439 2301 614 2370 καταλέγων,
649 2301 789 2367 Κόρινναν
809 2306 854 2352 eal
874 2296 1044 2360 Τελέσιλλαν,

52 2396 57 2402 -
121 2363 212 2419 Μαῖαν
230 2377 317 2420 τεκαὶ
335 2365 451 2438 Σαπφώ.
481 2368 637 2422 Graarmat.
655 2368 786 2420 Leidens.
802 2367 835 2420 ad
850 2365 953 2419 calcem
975 2364 1044 2420 Ore.-

122 2452 185 2503 ιανον.
211 2437 272 2488 Cor.
295 2450 321 2506 ρ’.
341 2436 415 2506 659ιι
445 2441 583 2507 Κέχρηται
609 2434 644 2494 δὲ,
660 2434 729 2508 αὐτῇ
753 2435 889 2507 (Aeolica
907 2432 1046 2496 dialecto)

121 2499 243 2572 Σαπφώ,
278 2500 419 2568 Ἀλκαῖον,
452 2508 530 2560 Μαῖα
552 2507 635 2575 (Μὸ.
652 2502 769 2573 Mores)
795 2511 840 2558 sal
862 2502 950 2557 ἄλλοι.
993 2503 1058 2567 Aa,

115 2571 173 2643 ·qui
191 2570 304 2625 Aeolica
326 2570 443 2625 dialecto
464 2592 514 2626 usa
536 2590 576 2628 est
594 2573 736 2635 Corinna;
762 2573 873 2644 Myiam
890 2569 1045 2634 Aeolicam,

59 2652 63 2659 ·
119 2652 233 2741 ρααεῑαὶ
248 2640 401 2709 Corinnam
419 2640 529 2713 ipsam,
564 2661 617 2696 nec
635 2642 733 2697 Suidas
749 2661 800 2695 nec
819 2639 893 2694 ullus
916 2655 1046 2693 veterum

120 2709 223 2761 novit.
261 2710 328 2830 pjuid
355 2728 421 2782 ergo
447 2710 617 2765 haesitamus
640 2710 736 2778 fateri,
772 2712 845 2764 hanc
869 2731 883 2762 a
904 2710 1048 2764 Gramma·

121 2776 179 2829 rico
193 2776 261 2830 intel
277 2780 282 2789 “
304 2778 336 2831 i‘?
362 2783 457 2851 Itaque
469 2778 562 2832 solum
574 2795 659 2833 restat
675 2779 829 2834 Clementis
840 2776 1045 2841 testimonium,

121 2845 169 2898 cui
184 2858 267 2917 quam
280 2794 360 2899 limile
372 2846 539 2926 imposuisse
549 2849 694 2920 potuerint
710 2860 808 2921 poetae
822 2863 848 2901 ct
861 2847 1046 2902 Grammatici

122 2928 246 2966 nostram
262 2916 349 2968 modo
365 2917 489 2985 Myram,
517 2917 605 2971 modo
619 2917 771 2970 Corinnam
785 2914 967 2988 appellantes,
986 2934 1047 2970 non

31 3010 44 3053 ‚·
123 2997 165 3035 est
182 2983 259 3054 quod
276 2982 404 3056 pluribus
426 3003 566 3038 moneam.
609 2989 705 3057 Ipsum
722 2984 910 3056 Pythagoreas
929 2983 1046 3037 illustris

121 3069 226 3104 nomen
240 3053 312 3125 apud
325 3051 440 3107 seriores
458 3055 605 3128 scriptores
620 3054 716 3126 Myiae
739 3073 897 3127 cognomen
911 3051 1046 3107 celebrius

122 3120 277 3175 reddidisse
287 3137 385 3196 potest.
425 3123 520 3178 Nemo
535 3139 630 3177 contra
643 3121 725 3176 facilc
738 3120 903 3195 explicabit,
931 3140 1048 3194 quomo·

123 3188 160 3242 do
177 3186 238 3242 fieri
248 3191 385 3264 potuerit,
412 3208 445 3244 ut
457 3192 492 3244 dc
501 3193 624 3266 poetria,
658 3211 726 3266 quae
742 3210 874 3245 unacum
890 3191 1046 3264 Sapphone,

122 3255 252 3313 Telesilla
265 3277 291 3313 et
303 3261 427 3314 Corinna
442 3261 595 3314 memorari
607 3277 677 3321 esset
691 3261 788 3334 digna,
822 3258 916 3313 omnis
929 3259 1047 3314 omnino
1120 3256 1125 3271 '

122 3325 205 3379 nobis
217 3344 304 3382 taceat
316 3328 474 3402 antiquitas.
510 3331 540 3384 si
552 3330 615 3403 quis
627 3346 720 3384 tamen
732 3331 763 3382 in
776 3328 849 3382 fama
863 3329 949 3381 dubia
958 3325 1047 3392 malit,

124 3414 208 3467 qnam
225 3398 257 3450 in
276 3398 445 3472 argumentis
464 3398 657 3472 probabilibus
680 3399 865 3477 acquiescere,
903 3415 968 3450 cum
991 3396 1048 3450 hoc

124 3461 222 3517 saltem
238 3485 298 3519 non
318 3484 486 3546 negaturum
503 3468 562 3522 fore
580 3487 673 3590 spero,
707 3486 776 3540 qum
792 3465 920 3585 poetriae
941 3466 1046 3538 Myiae,

49 3554 55 3563 ·
126 3530 150 3582 si
161 3553 228 3605 qua,
250 3537 363 3588 Graecia
376 3535 505 3601 llorente,
525 3556 582 3590 uon
603 3538 642 3591 ric
655 3536 716 3588 illic
729 3537 762 3589 ab
777 3554 791 3586 a
804 3531 921 3608 rquibus
934 3534 1045 3608 poetico

125 3618 157 3652 co
199 3602 308 3668 omine,
327 3605 451 3658 maxime
461 3620 525 3678 post
538 3605 606 3670 fata,
634 3606 674 3658 sic
689 3602 838 3678 appellata,
866 3602 1048 3658 sedsubboc

124 3686 185 3723 soo
201 3671 315 3724 nomine
327 3671 380 3726 lata
394 3675 442 3738 sit,
468 3693 573 3727 nomen
585 3674 691 3747 ipsum,
717 3672 795 3746 quod
812 3671 944 3744 primitus
980 3690 1048 3725 esse·

123 3737 174 3805 rit,
205 3736 396 3795 oblitteratum
416 3761 628 3816 cognomenque
647 3742 739 3797 solum
762 3739 840 3794 illius
857 3739 921 3794 loco
942 3693 1047 3794 cilebre

123 3806 229 3861 lactum
243 3808 287 3873 sit,
307 3811 350 3862 uti
363 3811 513 3884 contigisse
527 3811 641 3866 videtur
653 3810 820 3874 stesichoro,
841 3809 962 3882 contigit
976 3825 1047 3863 certe

124 3875 201 3932 baud
222 3876 317 3950 paucis
340 3896 375 3931 ex
394 3882 481 3952 poetis
501 3880 671 3934 nostratibus
691 3877 778 3932 seculi
790 3878 954 3932 duodecimi
966 3894 994 3931 et
1008 3898 1047 3931 se·

125 3945 244 4022 queatis.
298 3946 438 4004 Mirificut
456 3948 532 4003 enim
549 3948 652 4023 aliquis
673 3966 748 4002 casus
766 3946 851 4003 fuerit
870 3966 979 4002 necesse
997 3961 1045 4008 est,
