2558 4500
128 1181 271 1305 Pauca
279 1243 390 1314 suut,
425 1251 512 1318 quae
539 1199 1186 1321 his.obseruationibuspraemittendi!

130 1353 246 1441 babeo
252 1378 265 1435 3
285 1337 604 1430 nam-devinelitqto
621 1372 699 1423 meo
715 1362 818 1438 atque
840 1350 948 1438 opera
960 1360 1070 1442 tacere
1081 1369 1187 1451 praqf

127 1483 223 1554 stata
236 1540 239 1547 ,
251 1470 307 1541 alii
318 1471 384 1544 boe
397 1469 550 1553 faciant,
565 1469 621 1536 elii
639 1470 836 1564 dijudicent.
879 1472 997 1561 Restat
1009 1485 1124 1549 unum
1132 1462 1186 1567 il·

132 1592 212 1673 lud,
234 1605 272 1657 ut
286 1593 327 1656 de
341 1593 447 1681 copiis
462 1602 652 1679 exponam,
667 1592 795 1693 ¹quibus
814 1611 898 1693 ¹usus¹
914 1589 1040 1700 inerim
1056 1588 1105 1696 ing
1117 1589 1194 1693 ¹395„

134 1713 320 1808 specimine
334 1711 517 1779 exarando.
556 1711 655 1799 Quae
670 1709 825 1798 inprimis
839 1696 1059 1775 continentur
1074 1707 1184 1773 tribus
1213 1712 1215 1718 '

133 1830 303 1895 codicibus
318 1832 491 1913 Palatinis,
513 1829 799 1912 membranaceis,
821 1829 907 1896 folio
926 1812 1077 1913 minore,
1098 1827 1184 1895 insi·-

132 1949 234 2034 gnitis
242 1952 404 2019 nro-163.
417 1952 488 2038 169.
497 1948 570 2030 285,
594 1970 738 2036 quorum
754 1972 961 2037 unoquoque
973 1950 1184 2037 quaeconti-
1238 1959 1244 1969 ‘
1272 1930 1275 1938 ¹

130 2082 292 2159 deantur,
314 2070 433 2137 vidore
447 2072 533 2146 ,licet
554 2091 597 2133 ex
620 2068 803 2140 Wilckenii
825 2070 975 2156 catalogo
998 2093 1078 2135 mss.
1097 2040 1190 2136 Patt‘

129 2211 207 2279 pag.
221 2189 294 2255 281.
310 2190 383 2273 alii,
407 2187 590 2254 ubitbrevis
609 2208 744 2271 quoqne
757 2189 908 2274 subjecta
923 2202 973 2255 est
986 2189 1181 2278 descriptio.

129 2309 184 2374 De
201 2308 327 2373 virtute
338 2327 376 2369 ac
389 2303 597 2393 praestantia
615 2304 741 2370 horum
762 2307 916 2373 codicum
943 2319 1044 2395 atqua
1059 2318 1181 2392 aetate,

129 2449 219 2514 quae
231 2425 439 2512 reliquorum
454 2421 526 2488 fere
534 2424 698 2505 omnium,
713 2438 878 2512 quotquot
887 2428 944 2495 hic
953 2441 1180 2511 asservantur,

128 2545 329 2614 antecedere
345 2545 490 2628 videtur,
511 2547 590 2611 nolo
605 2523 725 2632 longus
740 2568 820 2622 esse,
843 2549 1132 2638 quandoquidem,
1151 2549 1181 2615 si

128 2662 202 2754 quis
214 2662 303 2729 forte
316 2664 466 2748 diffidat,
497 2666 606 2731 libera
622 2664 652 2729 ei
666 2675 715 2730 est
737 2664 815 2730 data
835 2656 999 2754 potestas,
1023 2670 1181 2739 codicum

95 2809 97 2815 ·
127 2786 283 2875 ipsorum
313 2784 619 2872 inspiciendorum·
639 2805 678 2848 ac
716 2786 1046 2877 perlustrandornm.
1105 2793 1179 2858 Hoc

104 2885 108 2891 ’
126 2928 236 2971 unum
248 2904 411 2984 monebo,
434 2904 641 2970 characteres
654 2916 688 2970 et
700 2902 877 2972 literarum
893 2893 1014 2975 ductus
1025 2911 1053 2975 si
1068 2909 1179 3000 dispi-
1197 2969 1207 2992 ,

127 3024 179 3092 cio
196 3037 300 3113 atque
313 3024 528 3113 perpensito,
559 3024 644 3089 duos
656 3024 730 3090 illos
736 3073 746 3107 ,
777 3024 835 3111 qui
855 3033 975 3109 gerunt
988 3051 1178 3101 numerum

127 3144 200 3212 168.
228 3147 304 3232 169,
347 3142 659 3230 antiquiores'mihi
687 3116 806 3209 videri
826 3145 935 3210 altero
963 3147 1080 3232 tertio,
1117 3148 1176 3237 qui

123 3289 221 3332 num.
236 3264 299 3330 283
317 3264 399 3347 fert,
422 3264 545 3354 quique
560 3285 639 3329 cum
653 3263 770 3329 multis
783 3263 865 3329 locis
888 3264 1017 3332 mirum
1039 3268 1076 3334 in
1095 3293 1174 3336 mo·

122 3386 208 3451 dum
225 3408 302 3451 cum
319 3385 605 3472 sangermanensi
617 3384 730 3452 codice
747 3383 940 3468 conveniat,
972 3387 1037 3451 vvel
1051 3388 1173 3456 exhor
1220 3378 1221 3383 ἵ

120 3506 215 3595 ipso,
238 3505 292 3569 vel
311 3516 401 3569 certe
416 3527 458 3568 ex
472 3503 591 3568 eadem
604 3501 753 3586 familia,
776 3504 867 3571 unde
880 3505 955 3589 ille,
977 3505 1172 3594 profectum
1221 3531 1242 3577 i·

123 3649 194 3692 csse
208 3635 358 3712 apparet
391 3623 609 3711 Quamquam
625 3623 719 3709 baud
732 3648 842 3714 pauca
853 3625 1015 3709 invenias,
1037 3625 1075 3694 in
1090 3629 1170 3715 qui-

120 3748 184 3816 bus
198 3745 299 3811 etiam
314 3766 391 3810 cum
406 3743 546 3831 reliquis
566 3742 697 3808 duobus
723 3766 798 3811 nro.
815 3743 962 3834 168.169
984 3748 1167 3837 conspirat,
1206 3780 1208 3785 ¹

120 3865 250 3953 qualia,
274 3873 311 3929 ut
332 3863 373 3928 de
398 3861 577 3930 literarum
598 3861 863 3946 characteribus,
892 3863 1069 3933 simillimis
1088 3869 1166 3952 illis,

120 3997 267 4066 taceam,
291 4007 325 4050 v.
340 4005 371 4070 g.
386 3992 467 4048 sunt
482 3983 683 4069 compendia
697 3981 880 4065 scribendi,
902 4006 979 4050 raro
991 3999 1165 4074 usurpata,

116 4103 229 4173 hiatus
243 4099 438 4192 saepissime
451 4097 635 4183 admissus,
653 4099 722 4168 nbi
735 4103 774 4170 in
787 4102 929 4191 vulgatis
943 4093 1114 4172 codicibus
1128 4119 1163 4174 et
1183 4094 1185 4098 ὗ
1256 4151 1258 4155 ⁴
1278 4156 1279 4159 ,

754 4205 827 4274 Aa
