2558 4500
9 288 13 297 ·
109 343 165 419 ιδ,

194 512 296 581 Plura
311 509 368 574 hic
384 502 534 572 notanda
546 501 642 568 nobis
658 523 693 568 se
711 501 871 568 offerunt.
903 496 1064 565 Primum
1077 498 1149 564 illud

24 693 26 698 ,
111 616 415 706 dyendv‚‘junctum
430 621 551 694 quarto
566 606 667 683 casui,
684 605 821 682 tertium
835 624 918 666 cum
935 611 1153 688 exspectave-

6 756 12 776 .
111 726 180 812 r‘is,
202 744 242 785 eo
259 702 375 794 seusu,
402 721 441 776 ut
454 710 497 774 sit
511 720 708 781 contentum
729 730 801 771 esse
823 703 948 791 aliqud
964 724 1015 768 re·
1062 703 1154 791 Quod
1201 715 1204 769 ἶ

112 847 215 902 vero,
236 835 276 884 ut
287 818 396 884 muln
413 814 496 888 alia,
520 813 700 876 ePlatonis
717 830 783 874 usu
797 805 916 884 fluxit,
941 804 985 869 de
999 826 1070 891 quo
1086 805 1156 892 pla·

113 950 184 1002 res,
209 920 393 990 Gottleber.
418 917 458 980 ad
480 915 564 979 Plat.
580 912 741 978 Alcibiad.
760 910 784 972 l·
800 928 874 993 cap.
893 906 942 971 15.
958 908 1031 974 Ast.
1046 929 1081 996 p.
1095 929 1156 994 υς,
1182 930 1185 937 ·

116 1056 145 1097 e.
163 1025 298 1109 b'teph.,
335 1015 511 1088 Heindorf.
541 1015 581 1109 ad
602 1013 810 1101 Euthydem·
834 1030 911 1097 pag.
928 1009 1005 1092 4¹17,
1032 1010 1103 1079 Ast.
1122 1008 1157 1074 ad

113 1130 257 1202 Phaedr.
275 1147 349 1214 pag.
366 1120 441 1196 588,
457 1120 547 1186 unde
559 1114 780 1205 probabiliter
793 1133 854 1176 sua
869 1111 990 1177 sumsit
1004 1111 1160 1178 Matthiae

118 1235 275 1303 Gramm.
295 1227 416 1292 Graec.
433 1226 462 1311 §.
475 1220 550 1300 405,
567 1242 595 1283 c.
614 1231 685 1283 not.
705 1237 730 1282 ι.
748 1236 823 1302 pag.
844 1218 926 1294 5473
940 1214 1072 1300 quibus
1091 1216 1161 1298 jun·
1192 1260 1195 1265 >

117 1326 218 1426 geddi
244 1329 356 1415 viges.
384 1330 426 1393 de
446 1322 604 1413 idiotism.
625 1340 702 1408 pag.
724 1338 783 1387 221
802 1318 854 1383 ed.
877 1318 996 1384 Herm.
1023 1317 1161 1383 Reitzius

117 1438 161 1504 ad
175 1433 313 1518 Lucian.
330 1433 430 1496 Tem.
447 1429 504 1496 Vl.
521 1444 595 1512 pag.
613 1419 677 1489 464
693 1421 744 1485 ed.
758 1419 851 1508 Rip,
886 1433 920 1486 st
935 1443 1042 1505 quem
1057 1419 1161 1508 primo

119 1540 196 1605 loro
214 1533 355 1600 laudare
371 1527 543 1597 debebam,
570 1522 731 1588 Gataker.
753 1523 798 1613 ad
811 1524 916 1589 Marc·
932 1521 1100 1590 Antonin.
1112 1521 1163 1603 vl,

118 1639 173 1729 49.
192 1659 266 1727 pag.
281 1631 353 1715 253,
371 1632 428 1722 qui
445 1625 596 1695 omnium
613 1624 805 1727 doctissime
828 1650 869 1692 ao
883 1623 1117 1713 copiosissime
1136 1633 1164 1687 et

77 1790 80 1795 ,
119 1741 224 1826 hujus
240 1749 275 1802 et
285 1732 417 1821 cognati
434 1729 530 1796 verbi
546 1734 687 1813 στέργειν
700 1750 821 1811 usum,
845 1751 888 1794 ex
904 1750 974 1814 quo
985 1739 1164 1813 utrumque

26 1869 29 1878 ’
121 1842 279 1908 denotat:
314 1844 512 1902 contentum
539 1854 611 1894 esee
643 1830 767 1919 aliqud
792 1855 851 1911 re,
891 1829 1114 1920 acquiescere
1134 1829 1166 1895 in

123 1939 247 2029 atiquo
267 1961 326 2017 re,
351 1935 512 2022 expediit.
541 1930 694 1999 Verbum
708 1937 845 2018 στέργειν
859 1954 971 2022 nuper
985 1931 1167 2002 admodum

123 2038 234 2130 attigit
248 2042 371 2106 Moser.
388 2038 426 2102 ia
437 2036 544 2101 Lectt
563 2034 735 2102 Plutarch.
751 2035 895 2123 Sperim.
913 2058 989 2126 pag.
1005 2041 1063 2104 40.
1078 2036 1116 2102 41
1135 2037 1168 2103 in

124 2145 286 2215 Creuzeri
299 2139 517 2235 Meletqtpetll·
538 2137 577 2202 P.
589 2139 630 2205 Il·
666 2139 714 2204 Ut
727 2139 771 2202 ad
784 2139 1007 2206 Plutarchum
1023 2141 1170 2220 redeam,

64 2227 70 2238 .
123 2240 325 2337 indicemus
342 2244 469 2338 aliquot
484 2242 599 2332 locos,
642 2243 679 2309 in
695 2240 825 2328 quibus
846 2242 913 2306 hoc
940 2242 1089 2307 verbum
1112 2242 1171 2309 hoc

88 2411 90 2415 .
124 2352 200 2443 ipso
214 2347 408 2438 significatu
415 2358 474 2435 estn
483 2343 640 2410 obvium:
655 2343 919 2432 Artaxerx.cep.
930 2365 982 2409 21.
996 2342 1126 2429 Pyrrh.
1138 2361 1170 2407 ts

126 2443 219 2523 med.
250 2453 321 2531 Caj.
351 2447 494 2515 Gracch.
520 2470 548 2513 1.
578 2445 702 2530 Agesil.
726 2446 776 2510 16.
798 2445 849 2511 55.
873 2447 925 2513 28.
959 2445 1100 2512 Aristid.
1124 2445 1169 2513 16.

126 2555 260 2622 Cimon.
275 2564 307 2639 9.
766 2624 768 2628 μ
934 2541 937 2547 ’
1139 2578 1143 2585 ·

214 2655 254 2720 In
270 2652 439 2739 proximis
456 2650 692 2719 Sohaeferus'e
706 2651 820 2719 codice
837 2650 872 2721 S.
888 2651 932 2718 G.
948 2673 1098 2737 quocum
1112 2675 1173 2719 no-

128 2769 197 2825 ster
213 2757 392 2842 conspirat,
417 2751 533 2836 edidit,
555 2755 676 2841 Corajo
694 2748 1016 2843 quoque'suadenta
1037 2758 1174 2836 διέσεως,

130 2868 209 2927 cum
225 2870 325 2926 antea
339 2852 489 2921 exstaret
505 2854 654 2939 δεήσεως,
677 2858 769 2944 quod
789 2870 930 2945 propter
950 2859 1099 2926 alterum
1125 2859 1175 2924 lo-

129 2985 206 3030 cum
224 2985 298 3051 cap.
308 2962 338 3028 6.
355 2959 430 3048 (ποῦ
445 2963 477 3025 δὲ
490 2967 524 3026 αἱ
539 2959 720 3042 δεήσεις,
743 2960 791 3038 αἷς
808 2962 967 3046 ἐξελομένη
979 2960 1035 3029 τόν
1048 2965 1175 3049 ἐπιβου-

129 3062 278 3133 λεύσαντά
299 3092 327 3131 κ.
340 3093 368 3130 τ.
384 3065 433 3144 λ.)
456 3062 611 3129 Reiskius
635 3063 802 3128 intactum
830 3061 1007 3149 reliquisse
1028 3062 1174 3131 videtur.

122 3165 253 3254 bryan.
268 3177 301 3245 et
316 3166 399 3230 Mos.
416 3169 501 3231 Dus.
519 3166 584 3252 legi
597 3167 787 3232 'voluerunt
808 3161 957 3244 διήσεως,
985 3165 1090 3247 „licet
1113 3190 1175 3231 no·

127 3288 206 3355 meo
225 3267 289 3333 hoc
306 3291 377 3334 non,
393 3280 565 3351 occurrat,
600 3267 747 3334 verbum
760 3282 877 3334 tamen
893 3269 930 3337 in
945 3290 1041 3334 care
1056 3269 1175 3334 aPln·

107 3371 245 3467 ¹tarcho
273 3382 306 3435 et
333 3371 404 3435 aliis
434 3368 589 3435 adhiberi
623 3376 842 3434 asserentes.“
901 3372 1062 3460 Quorum
1084 3371 1110 3436 si
1135 3393 1174 3435 ea

26 3498 32 3513 ·
128 3472 196 3539 fuit
217 3497 331 3552 meus,
358 3471 462 3559 (nam
486 3470 609 3551 exiis,
635 3493 724 3558 quae
738 3472 938 3556 Huttenius,
962 3474 1058 3559 cujus
1071 3472 1173 3539 solius

19 3659 23 3667 r
129 3573 234 3642 editio
256 3597 347 3639 nunc
370 3572 411 3640 ad
434 3595 556 3637 manus
578 3583 645 3656 est,
677 3573 827 3638 breviter
838 3576 998 3662 protulit,
1021 3597 1176 3662 quaeque

130 3679 233 3742 modo
251 3676 504 3763 descripsimus,
525 3674 663 3739 illorum
681 3673 836 3740 virorum
854 3700 941 3764 quae
964 3698 1048 3742 vere
1071 3677 1178 3752 fuett

132 3778 173 3843 de
191 3781 253 3846 hoc
271 3779 436 3845 vocabulo
452 3776 640 3856 sententia,
670 3776 731 3844 vix
749 3777 920 3854 divinare,
949 3801 1063 3866 neque
1086 3778 1177 3845 clare

17 3901 19 3903 ’
128 3880 314 3966 disertoque
330 3874 529 3966 cognoscere
543 3877 791 3968 possumus¹¹))
808 3879 852 3960 si,
872 3879 1031 3967 inquam,
1055 3903 1096 3947 ea
1111 3879 1178 3948 tuit

133 4024 339 4043 Ἣ

163 4103 207 4170 ιι)
226 4102 307 4176 Quod
323 4103 395 4158 idem
411 4102 445 4157 iis
463 4103 581 4166 amtor,
611 4102 658 4173 qui
676 4080 843 4159 bacterii-te
859 4100 912 4161 hoo
928 4103 1173 4185 loco-sententiam
