2558 4500
140 267 184 352 74

222 428 414 523 introeat
434 435 550 503 δοκεῖ’
562 441 746 521 „appetere
759 432 1124 525 videtur‘ffprofflppe-

137 540 219 604 tir‘:
235 551 335 626 utque
349 535 529 622 idquidem
545 536 671 624 partim
687 558 730 601 ex
744 534 849 603 Attici
860 539 1028 605 sermonis
1045 563 1123 605 con-

73 682 98 717 .·
136 639 332 720 suetudine,
360 659 447 722 quae
466 637 582 704 eadem
601 638 638 701 iu
656 659 721 702 usu
744 639 990 725 particularum
1006 646 1079 720 ἴσως
1092 655 1121 708 et

29 802 33 813 .
137 742 246 830 σχεδδν
261 742 391 807 obtinet
405 740 458 820 (V.
473 739 544 806 Ast.
557 740 598 805 ad
614 739 743 805 Platon.
760 736 898 806 Phaedr.
912 763 949 828 p.
963 741 1012 827 ...)
1020 792 1030 826 ‚
1045 766 1121 831 par.

135 847 199 929 tim
215 842 402 909 Aristotelis
418 843 556 930 proprio
573 865 669 907 more
686 854 721 905 et
736 841 1000 932 philosophandi
1020 846 1120 911 ratio·

135 969 198 1026 ne,
222 967 307 1030 quae
324 968 388 1033 per
410 968 526 1010 omues
547 942 680 1028 ejusde
701 943 854 1010 doctrina
873 948 1001 1013 morali
1020 949 1119 1014 libros

135 1047 347 1129 dominatur,
369 1068 434 1141 qua
449 1049 539 1132 quod
555 1058 646 1112 certa
659 1045 882 1113 affirmatione
895 1049 1047 1135 positum
1059 1073 1120 1115 ex·

23 1194 26 1199 .
65 1140 70 1149 ¹
135 1161 302 1239 spectares
333 1172 403 1215 non
425 1149 495 1213 sine
521 1148 732 1213 dubitatione
758 1148 905 1234 quadam
934 1151 1124 1238 profertur..

133 1253 291 1340 Undique
305 1254 461 1340 exempla
475 1265 666 1316 occurrunt.
717 1251 939 1340 Quapropter
956 1255 1049 1319 male
1066 1277 1126 1318 ar·-

133 1367 270 1443 gutatur
283 1356 454 1443 Interpres
469 1353 620 1421 Graecus
633 1352 675 1417 ad
689 1352 748 1418 Ill.
769 1373 796 1417 1.
811 1375 844 1440 p·
861 1352 911 1419 54.
927 1353 965 1421 C.
987 1355 1025 1422 to*
1036 1355 1115 1424 ἑκού-

131 1484 198 1526 eror
230 1463 283 1525 aui
303 1455 449 1524 ἀκούσιον
473 1454 639 1540 ἄναγκαῒον
669 1460 686 1522 i
694 1480 783 1533 one
808 1459 945 1543 dioclem
970 1462 1123 1543 wicsnepl·

132 1560 241 1641 ἄρετῆς
259 1559 475 1635 tuscanecium
517 1578 584 1643 quo
612 1556 750 1642 quidem
770 1558 844 1625 loeo
866 1556 931 1624 iste
956 1558 1117 1647 praecipit

131 1673 191 1726 aut
200 1660 407 1726 vocabulum
428 1659 549 1743 πρῶτον
575 1668 653 1725 ante
674 1661 807 1744 despicus
829 1661 1033 1746 cogitatione
1052 1682 1116 1727 esso

130 1764 338 1842 addendum,
361 1772 420 1827 aut
439 1766 511 1836 ἴσως
528 1783 594 1847 pro
614 1761 726 1844 ὁμοίως
747 1763 928 1848 usurpari,
954 1763 1115 1852 significa·

129 1866 223 1931 tione
238 1864 411 1931 rarissima
426 1863 516 1949 apud
529 1863 748 1931 Aristotelem
763 1885 832 1928 non
847 1863 985 1947 minua,
1017 1886 1113 1951 quam

128 1968 220 2054 apud
234 1967 408 2034 Platonem
423 1968 474 2052 (v,
484 1964 659 2031 Heindorf.
675 1965 716 2029 ad
728 1965 831 2050 Gorg.
846 1967 989 2054 p.230.).
1013 1966 1116 2035 simi-

126 2068 168 2134 lis
180 2069 250 2154 ejus
268 2079 320 2133 eat
332 2089 396 2134 nec
408 2068 595 2134 necessaria
609 2067 768 2134 sedulitas
781 2070 896 2151 adlit.
915 2092 946 2159 9.
967 2094 1001 2158 p.
1011 2069 1112 2141 45..st

125 2174 251 2254 (πενίαν
275 2170 303 2237 δ’
324 2176 420 2250 ἴσως
442 2171 480 2241 ου’
504 2175 553 2239 δεῖ
570 2174 773 2257 φοβεῖσθαι),
802 2172 900 2255 alibi,
931 2195 1011 2238 cum
1031 2171 1113 2237 nihil

125 2272 329 2341 difficultatis
344 2275 511 2361 ejusmodi
529 2272 716 2342 locis'insit.

207 2374 314 2464 παροέ
346 2375 502 2456 ταύτας.
553 2375 610 2444 Sic
636 2375 738 2441 etiam
765 2375 982 2464 Vctlntcrp.
1007 2387 1042 2441 et
1062 2374 1112 2441 ed.

123 2479 312 2545 Casaubon.
334 2479 402 2547 Sed
415 2504 436 2546 a
450 2481 586 2566 vulgata
603 2478 747 2543 lectione
767 2476 862 2556 αύτιές
883 2501 955 2544 non
980 2490 1032 2546 cst
1054 2500 1113 2543 cur

121 2582 331 2649 recedamus.
389 2585 477 2648 Tam
495 2603 602 2670 prope
626 2579 718 2644 enim
738 2577 831 2642 abest
853 2579 1112 2663 substantivum,

121 2703 190 2768 quo
207 2683 375 2768 pertinet,
397 2694 435 2746 ut
448 2680 749 2748 demonstrativum
762 2680 948 2747 necessario
963 2705 1035 2748 non
1056 2706 1112 2749 re-

121 2785 295 2869 quiratur3
329 2795 406 2850 tum
419 2781 511 2859 adeda
525 2802 770 2867 nonnunquam
786 2805 851 2871 pro
867 2783 952 2862 οὗτος
966 2786 1024 2850 vel
1035 2791 1113 2854 ἐκεῖ·

120 2913 174 2965 νος
186 2889 268 2976 poni
282 2889 472 2954 docuerunt
486 2883 664 2953 Heindorf.
679 2885 722 2951 ad
734 2887 821 2952 Plat.
835 2886 912 2974 Lys.
932 2887 963 2972 ς.
980 2907 1012 2953 2.
1028 2908 1064 2977 pa
1077 2885 1109 2952 4.

118 2990 283 3056 Matthiae
298 2992 359 3060 Gr.
375 2992 435 3059 Gr.
452 2988 563 3077 §.472
584 3007 632 3050 ιι.

203 3094 245 3159 ὧν
260 3093 286 3160 δ’
299 3099 362 3163 εἰσὶ
373 3097 442 3174 τέλη
458 3087 529 3158 suci
539 3113 667 3176 rueme.
687 3089 768 3156 Sine
779 3091 1012 3158 controversia
1025 3090 1111 3159 scri·

117 3194 267 3263 bendum
280 3201 346 3265 ἒσιὲ
359 3220 423 3286 pro
437 3200 514 3267 εἰσί,
537 3202 576 3258 ut
587 3191 722 3256 mireris
737 3193 825 3258 hanc
844 3194 1032 3260 labeculam
1046 3194 1111 3259 ad·

115 3299 184 3375 huc
197 3299 235 3364 in
247 3310 346 3368 textu
360 3297 532 3365 resedisse.
576 3292 720 3360 Pluralis
735 3294 867 3382 saepius
886 3295 933 3358 sic
946 3297 1109 3363 mendose

114 3401 244 3489 positus
264 3402 301 3467 in
324 3402 422 3468 codd.
446 3413 480 3466 ot
499 3396 671 3464 veteribus
690 3394 891 3462 editionibus
909 3420 974 3487 per
992 3409 1108 3464 totum

18 3498 20 3507 ’
113 3503 180 3571 hoc
197 3504 387 3573 Aristotelis
409 3515 514 3592 opus,
557 3501 653 3585 cujus
673 3496 749 3563 vitii
772 3501 930 3587 exempla
948 3522 1108 3590 promere

113 3612 198 3678 nihil
213 3611 343 3676 attinet.
387 3605 453 3674 Sed
472 3604 592 3690 nequis
613 3603 680 3668 huc
699 3599 826 3666 referat
839 3602 881 3666 ll.
897 3601 929 3667 8.
944 3625 982 3690 ρ.
999 3603 1053 3669 32.-
1067 3604 1105 3669 B.

114 3715 153 3783 rei
167 3718 200 3781 δὲ
214 3718 355 3781 πλεῖστον’
368 3710 520 3797 ἀπέχοντα
539 3701 680 3782 ἀλλήλων
701 3708 865 3771 ἐναντία
885 3705 1112 3791 ὁρίζονται.-

112 3818 198 3884 Nam
212 3817 349 3901 inlicem
357 3810 503 3879 activam
510 3809 785 3898 significationem
792 3807 902 3874 habet.
920 3807 974 3873 cf.
981 3808 1023 3875 11.
1032 3827 1103 3897 η).
1118 3846 1123 3860 ·

113 3924 166 3991 24.
179 3922 217 3987 B.
226 3919 283 3989 vt
296 3917 342 3984 15.
350 3939 384 4003 p.
397 3930 466 4002 1⁰9⁴
474 3914 516 3981 D.
528 3909 1102 4003 Vet.igitur1nterpr·1nale:„con.
