2558 4500
1066 218 1106 307 75

104 401 224 467 traria
232 395 533 476 determinantur-‘2
542 414 644 480 quem
653 391 869 461 erroremslii
881 413 1109 459 cumensem-

115 501 348 567 municarunt.
360 499 493 569 Rectius
499 497 731 584 Argyropylus
740 522 749 560 ε
759 492 953 579 „contraria
960 493 1105 559 dicunt“.

172 658 176 667 .
204 604 326 671 πολλῶν
345 606 379 671 dd
399 603 498 671 οὔσων
519 599 659 686 πράξεων
679 599 751 665 cod.
774 598 908 668 Vratisl.

206 702 306 772 πολλοὶ
331 707 447 789 γίνεται
473 710 527 770 καὶ
545 700 585 771 sel
605 703 685 781 τέλη.
712 737 754 753 -
795 700 883 777 Illud
906 702 1021 784 γίνεται
1041 699 1108 763 du-

116 807 245 896 plicem
275 806 534 894 explicationem
562 805 725 872 admittit:
768 815 827 867 aut
851 801 942 867 enim
971 814 1022 867 est
1042 824 1107 889 pro

117 912 207 989 ἕστῖ,
227 917 266 985 ut
276 909 467 975 sexcenties
482 908 563 975 alias
575 909 635 991 (Π.
648 929 676 974 2.
689 932 725 996 p.
739 901 789 970 24.
809 905 852 969 D.
867 912 938 991 περὶ
952 909 984 971 δέ
998 903 1035 972 ed
1048 932 1109 992 χα-

117 1003 290 1098 λεπώτερον
305 1016 367 1085 αἰεὶ
381 1016 433 1078 καὶ
444 1013 530 1097 τέχνη
545 1015 659 1095 γίνεται
670 1016 724 1078 uel
740 1002 843 1105 ιοἷρετὴ.
863 1006 952 1083 ibid„
958 1029 987 1093 7.
1007 1030 1041 1095 p.
1057 1026 1108 1093 29.

119 1112 164 1178 D.
179 1112 235 1178 III.
254 1135 281 1178 r.
295 1136 329 1201 p.
338 1108 389 1177 54.
398 1114 435 1179 C.
452 1114 537 1181 V111.
546 1134 576 1195 7·
591 1136 626 1200 p.
639 1111 783 1199 159.B.)‚
798 1121 856 1175 aut
868 1132 913 1174 ex
925 1131 1110 1194 argumen-
1220 1196 1224 1203 .

120 1213 259 1283 neonis
281 1214 521 1300 consequentia
542 1225 746 1300 usurpatur,
776 1225 815 1277 ut
829 1214 855 1278 Ι.
869 1211 900 1276 6.
912 1235 946 1296 p.
957 1231 1005 1274 ro.
1019 1210 1057 1273 B.
1082 1211 1111 1271 εἰ

120 1315 147 1385 tf
167 1317 247 1391 οὕτω
265 1315 303 1385 tsi
321 1313 517 1409 eripuissem:
534 1314 655 1402 ἀγαθὼ
674 1316 776 1400 ψυχῆς
794 1315 927 1399 ἔνι’ρ7εια
955 1316 1112 1396 γίνεται

119 1416 185 1485 κατ’
204 1415 333 1502 ἀρετήν,
370 1440 443 1505 quo
461 1420 538 1483 loco
557 1440 738 1506 perperam
762 1415 890 1507 accepit
910 1413 1111 1501 Scholiastes

120 1519 273 1586 Graecus
289 1519 339 1583 ita
353 1517 545 1606 explicans:
565 1520 621 1588 osis
635 1524 718 1590 εἶπεν
734 1524 834 1594 ἐστὶ,
855 1515 933 1585 oillei
945 1521 1111 1604 γίνεται,

119 1618 175 1688 tto?
196 1620 232 1687 τό
253 1625 403 1702 μηδέποτε
428 1631 582 1689 ἵστασθαι
600 1620 731 1708 ὀφείλειν
748 1621 799 1689 τόν
821 1625 934 1689 τέλειον
947 1620 1113 1701 ἄνθρωπον

119 1730 157 1795 ἐκ
176 1728 233 1793 τοῦ
251 1725 380 1810 ἀγαθοῦ.
404 1722 447 1790 ef.
469 1723 550 1789 ibid.
572 1722 602 1788 8.
625 1750 659 1813 p.
678 1749 729 1791 ιι.
741 1727 783 1790 D.
814 1721 1004 1801 Consimilis
1026 1718 1114 1783 ratio

79 1866 82 1871 ·
121 1839 189 1911 est,
209 1825 269 1892 ubi
280 1825 317 1893 in
335 1824 608 1891 conclusionibus
624 1826 785 1893 futurum
803 1827 951 1915 positum
970 1818 1115 1887 offendi-

120 1952 198 1999 mus
210 1951 275 2016 pro
283 1928 475 2014 praesenti,
504 1941 545 1993 ut
564 1929 601 1997 in
621 1928 785 2016 ejusmodi
799 1927 880 1991 locis
894 1927 950 1995 lv.
971 1947 999 1990 1.
1013 1948 1046 2013 p.
1060 1920 1113 1997 55.
1159 1922 1162 1927 ’

120 2030 165 2094 D.
182 2030 251 2097 VII.
268 2020 742 2116 15.p.1'27.13.creberrim0,
773 2031 958 2113 eodemque
976 2023 1115 2089 notissi-

119 2153 178 2197 mo
191 2129 352 2216 loquendi
364 2149 506 2213 genere,
529 2135 620 2218 quod
635 2136 738 2200 etiam
752 2132 789 2196 in
802 2128 915 2197 Latini
929 2140 962 2192 et
984 2148 1113 2191 verna·
1128 2182 1131 2189 .

120 2232 189 2299 culi
202 2231 366 2297 sermonis
383 2232 626 2297 consuetudine
640 2231 885 2316 frequentatur.
933 2228 1046 2313 Atque
1068 2225 1115 2290 sic

120 2330 345 2421 praeteritum
364 2354 500 2417 quoque
518 2345 653 2421 tempus
675 2355 745 2399 nou
765 2356 810 2399 cx
827 2355 944 2398 rerum
958 2330 1114 2409 veritate,

120 2433 179 2503 sed
196 2455 242 2496 ex
254 2430 491 2519 disputationis
502 2433 633 2499 ratione
646 2447 849 2522 usurpatur,
871 2447 910 2499 ut
924 2434 965 2503 V.
975 2433 1005 2500 5.
1020 2456 1053 2520 p.
1062 2426 1115 2516 76.

119 2536 162 2603 Ε.
182 2539 251 2602 ἐπεὶ
266 2532 325 2601 δ’ὁ
334 2533 510 2619 παράνομος
524 2537 628 2613 ἄδικος
640 2535 695 2616 ἦν.
718 2560 820 2618 „cum
839 2538 947 2601 essct“
968 2536 1033 2603 hoc
1053 2547 1116 2611 est,

121 2660 224 2722 „cum
239 2659 318 2702 eum
330 2637 379 2705 ita
394 2659 464 2703 esse
477 2638 748 2707 demonstratum
764 2639 839 2704 sit“.
862 2639 902 2705 V.
912 2662 942 2724 7.
958 2661 992 2726 p.
1007 2637 1060 2715 82.
1075 2641 1112 2715 B.

124 2760 174 2807 10.
189 2762 223 2826 p.
238 2736 291 2824 87.
309 2741 353 2805 1).
372 2739 421 2809 15.
432 2763 467 2827 p.
484 2741 536 2827 95.
551 2742 592 2806 D.
611 2740 671 2807 IX.
689 2742 719 2807 3.
733 2765 766 2828 p.
781 2741 847 2805 155.
861 2742 902 2805 D.

207 2839 271 2906 sind
283 2846 357 2923 μίαν
372 2840 589 2924 τινοὲδὺναμιν.
609 2880 653 2896 ν·-
673 2843 878 2912 Tenendum
899 2853 960 2923 est,
978 2840 1115 2909 Aristo-

122 2942 226 3011 telem
239 2941 305 3006 hoc
316 2962 418 3005 sensu
430 2945 715 3030 praepositionem
738 2942 800 3012 dno*
819 2966 896 3010 eum
913 2928 1115 3028 accusativo,

122 3068 229 3126 ncn,-
246 3057 286 3109 ut
304 3043 379 3111 eliis
402 3044 620 3129 scriptoribus
644 3049 784 3114 solenne
809 3057 872 3128 est,
902 3069 979 3111 cum
1000 3047 1116 3113 dativo

122 3148 289 3234 copulare·
332 3146 477 3233 Vulgata
488 3148 520 3214 h.
533 3148 557 3213 l.
572 3148 669 3214 leclio
686 3161 737 3214 est
748 3146 810 3216 cited
825 3155 901 3232 μίαν
913 3148 980 3217 revel
992 3149 1114 3235 ἇρετήν,

122 3272 224 3336 quam
245 3260 435 3335 sequuntur
456 3248 551 3316 000.
567 3249 701 3316 Vratisl.
722 3251 795 3318 Vct.
819 3252 881 3323 lut.
899 3253 983 3321 Ven.
998 3254 1024 3323 Ι.
1040 3257 1113 3323 Bas.

122 3347 252 3432 δύναμιν
272 3360 392 3416 centra
411 3350 576 3417 exhibent
596 3351 649 3418 El.
670 3353 741 3420 NC.
766 3353 822 3434 (in
845 3356 941 3438 cujus
964 3360 1118 3446 margine

123 3447 233 3536 ἆρετήν
248 3472 269 3516 a
282 3452 467 3520 recentiori
481 3475 586 3519 manu
602 3453 827 3545 adscriptum)
848 3457 944 3521 codd.
962 3459 1118 3526 Lambin.

122 3554 210 3620 Ven.
225 3553 286 3634 ΙΙ.,
312 3551 517 3621 confirmant
529 3555 740 3647 Paraphrast.
755 3557 1117 3650 Eustr·at.A1·gyrepyl.

123 3652 312 3722 Aristotelis
326 3653 470 3741 denique
484 3658 646 3744 loquendi
661 3671 752 3725 usus.
779 3662 929 3727 Denotat
944 3662 1035 3745 enim
1052 3688 1118 3729 vo-

126 3755 285 3837 cabulum
305 3753 436 3842 δύναμις
456 3780 527 3823 non
547 3759 676 3836 solum,
706 3782 792 3847 quae
812 3764 951 3851 propria
976 3750 1048 3850 ejus
1069 3779 1120 3833 est

127 3856 341 3946 significatio,
363 3878 499 3927 omnem
511 3879 748 3957 quamcunque
765 3863 836 3934 vim
849 3867 904 3957 vel
917 3864 1118 3961 facultatem,
