2558 4500
113 252 134 328 8

139 490 171 524 s„
201 428 358 496 Emistin
379 427 421 492 ad
441 428 485 494 Il.
507 450 541 514 p·
566 425 771 506 526·f1n·⁷)
812 427 924 497 ’Istue
952 430 986 497 sl
1014 433 1054 508 ssis
1080 434 1102 511 ἦ

59 543 61 551 '
119 539 248 618 ῥηθεῖσα
264 537 401 619 Ἤριννα
421 533 542 612 Λεσβία
562 532 618 615 psl
639 529 696 612 ἦν,
722 531 888 614 ἢῬοᾶἰα,
916 532 938 610 ἦ
962 542 1055 611 Tap,
1081 534 1102 613 ἢ

121 724 325 759 *ι

189 845 276 900 Aead.
296 845 362 903 Vol.
376 828 457 920 V.'p.
468 845 541 912 571.)
560 841 632 897 circa
650 841 697 900 Ol.
708 845 842 901 LXXIV.
854 843 982 900 floruisse
994 861 1105 901 conten·

189 915 243 979 dit,
277 917 354 985 cujus
368 934 481 971 vaccam
493 913 645 967 admodum
662 932 745 967 senex
756 916 899 968 Anacreon
914 914 1105 993 duobusEpi·

182 985 364 1058 'grammatis,
381 984 414 1037 in
426 982 494 1037 cod.
512 980 608 1036 saltem
620 979 704 1036 Palat.
717 983 773 1055 ipsi
784 982 912 1047 tributis,
941 982 1103 1055 celebravit,

188 1052 224 1106 ad
233 1051 313 1115 illam
327 1069 399 1108 certe
412 1068 529 1116 aetatem
538 1050 646 1119 retrudi
657 1056 761 1125 nequit.
784 1051 831 1115 Cf.
846 1053 969 1124 Boettig.
992 1052 1025 1106 V
1023 1048 1103 1104 ories.

189 1120 257 1174 r'r'ber
268 1123 313 1175 die
327 1121 473 1176 Arclraeol.
489 1143 517 1195 p.
537 1136 595 1192 129.
630 1121 728 1175 Minor
745 1137 838 1176 tanren
857 1139 932 1183 error
950 1137 991 1175 est
1008 1119 1104 1185 Plinii,

169 1190 239 1244 ⁹cni
263 1211 365 1247 nomen
383 1189 568 1246 subditicium
585 1188 711 1244 fraudem
725 1190 838 1252 fecerat,
877 1190 952 1257 (nisi
969 1189 1106 1243 seriorem

187 1261 326 1333 poetriam
342 1258 500 1335 ignobilem
519 1281 533 1311 a
553 1274 647 1313 vetere
669 1279 754 1331 eaque
772 1257 925 1312 clarissima
949 1259 1107 1312 discernere

188 1327 294 1384 oblitus
312 1329 348 1382 sit
366 1328 520 1395 dicendus)
539 1347 623 1401 quam
642 1332 752 1392 corum,
779 1329 829 1400 qni
845 1343 909 1382 eum
924 1327 1107 1401 reprehende·

188 1414 263 1450 runt.
298 1398 414 1451 Etenim
425 1418 513 1469 quum
525 1396 598 1449 inter
608 1398 712 1468 Anytes
731 1397 935 1470 epigrammata,
950 1416 1042 1452 unum
1063 1395 1104 1459 sit.

191 1467 274 1533 (Cos.
297 1467 355 1519 Pal.
378 1486 405 1539 p.
419 1480 478 1538 259.
505 1465 589 1533 Anci.
611 1466 643 1518 Τ.
657 1469 680 1522 Ι.
699 1487 727 1539 p.
742 1481 799 1519 200.
822 1470 881 1588 143
904 1484 962 1540 quo
981 1462 1106 1540 poetriae

189 1537 292 1604 Mysus
310 1533 464 1589 celebratur
480 1553 590 1587 cannen
610 1533 640 1586 in
658 1551 781 1588 mortem
801 1535 860 1588 cica
881 1555 912 1588 ae
932 1552 960 1589 et
970 1534 1106 1597 locustae,

178 1602 315 1657 Plinium
328 1623 394 1659 cum
406 1605 512 1672 poetria
524 1602 688 1656 statuarium
701 1604 859 1658 confudisse
869 1619 1006 1679 putarunt
1013 1600 1107 1657 Fabri·

190 1672 265 1737 cius,
297 1671 443 1737 Olearius,
470 1671 647 1734 Harduinus‚
672 1673 717 1726 nti
736 1689 764 1726 et
779 1677 810 1732 'J.
832 1674 864 1727 C.
881 1672 1010 1728 Wolfius
1026 1687 1107 1744 atque

188 1742 309 1797 Ursinus
317 1740 360 1808 ¹⁶),
387 1741 437 1814 qui
452 1739 527 1794 illud
546 1744 598 1812 Ep.
617 1740 691 1794 inter
707 1742 828 1796 Erinnae
848 1740 981 1814 reliquias
999 1759 1107 1813 recepe-

189 1827 256 1863 runt
266 1850 273 1874 ,
283 1809 459 1875 Brunckius,
483 1809 531 1893 qui
544 1826 636 1862 tamen
644 1848 655 1881 ,Ι
671 1808 696 1864 si
706 1812 813 1864 Erinna
826 1829 937 1893 quoque
956 1810 987 1862 in
1000 1810 1057 1862 hoc
1069 1824 1108 1860 ar·

211 1896 373 1943 umentnm,
393 1879 469 1952 quod
484 1894 512 1931 et
523 1879 702 1952 Argentarius
716 1895 851 1953 expressit
862 1883 916 1952 Ep.
929 1894 980 1951 29„
997 1875 1106 1951 aliquid

96 1964 99 1969 '
124 1976 127 1981 ·
186 1900 299 2013 lguserit,
333 1947 411 2000 id'de
431 1948 552 2001 erditum
569 1967 644 2012 esse,
680 1968 732 2002 nec
748 1948 842 2003 statim
855 1950 966 2020 Anyten
984 1965 1037 2001 suo
1052 1964 1108 1999 car·

188 2017 266 2070 mine
297 1966 471 2089 spolianiam
501 2033 609 2081 monet,
647 2018 679 2070 C.
698 2020 750 2071 Fea
776 2017 811 2069 ael
827 2015 999 2070 Winckelm.
1019 2018 1056 2069 H.
1073 2015 1109 2070 Α.

189 2088 240 2151 IX.
258 2102 283 2140 2.
301 2101 358 2139 not.
374 2084 402 2139 b.
420 2085 533 2160 aliique.
583 2085 670 2158 Quasi
691 2106 759 2140 vero
783 2088 871 2158 Myro
888 2084 1015 2158 sculptor
1038 2081 1109 2157 quid.

189 2154 306 2222 fecerim
321 2153 392 2228 quid
404 2174 478 2219 non,
491 2158 557 2208 'nos
577 2153 680 2209 melius
698 2172 844 2228 possemus
864 2153 995 2218 definire,
1023 2169 1108 2227 quam

189 2222 310 2287 Plinius,
338 2224 456 2296 etquasi
469 2223 650 2296 Epigramma
662 2228 734 2297 ejus,
762 2224 840 2304 quod
858 2220 1021 2276 Brunckius
1044 2239 1109 2274 con·

191 2292 266 2345 cedit
283 2292 454 2365 argumenti,
491 2292 606 2364 periisse
628 2292 731 2364 possit,
769 2292 863 2355 illius,
900 2291 977 2364 quod
997 2289 1108 2345 Plinius

190 2359 343 2434 significat,
370 2381 430 2425 non,
441 2361 518 2415 item.
554 2361 685 2414 Phidiam
698 2359 848 2415 minutulis
862 2359 1009 2430 operibus,
1040 2359 1109 2412 cica-

189 2431 238 2496 da,
264 2449 373 2494 musca,
401 2451 451 2504 ape
472 2429 578 2495 aeneis,
606 2428 768 2484 inclaruisse
788 2430 819 2483 in
840 2431 943 2503 vulgus
961 2445 1110 2485 notumex

167 2532 170 2538 ·
191 2499 298 2552 Juliaai
312 2500 406 2568 Epist.
422 2511 447 2567 8.
484 2499 557 2564 Cur,
577 2518 694 2573 quaeso,
721 2498 786 2552 talia
799 2518 857 2552 non
869 2498 966 2552 fecerit
983 2495 1093 2571 Myro?

258 2583 367 2654 Quibus
383 2585 423 2637 ita
436 2585 536 2657 positis
548 2585 642 2656 respui
651 2604 732 2659 posse
752 2585 867 2638 videtur
884 2581 1111 2657 chronographo·

190 2667 255 2701 rum
276 2653 440 2714 auctoritas,
475 2673 558 2726 qttam
579 2674 664 2706 imam
681 2670 802 2708 noscunt
819 2655 968 2718 Erinnam,
1006 2651 1041 2704 ad
1063 2650 1111 2705 01.

191 2719 265 2774 CVI.
283 2721 455 2791 ponentium.
502 2723 689 2793 Hieronymus
725 2744 790 2776 nam
807 2723 839 2776 in
858 2722 969 2783 Graecis
990 2718 1110 2783 Eusebii

190 2786 259 2840 haec
270 2807 327 2841 non
338 2787 490 2871 leguntur)
508 2791 542 2843 ael
557 2790 603 2846 Ol
618 2792 689 2850 CVI.
722 2815 745 2846 .:
761 2792 889 2864 Erynna
898 2793 1012 2874 poetria
1023 2807 1126 2861 agno·-

191 2858 283 2913 scitur.
318 2855 377 2912 Ub1
387 2858 457 2911 bene
469 2858 528 2916 J'os.
538 2859 673 2934 Scaliger:
691 2861 841 2925 „Omnino
856 2867 961 2915 Eruma
976 2879 1034 2913 non
1048 2878 1112 2912 con·

191 2924 268 3046 ptuit
284 2924 352 2982 hnic
370 2925 493 2981 seculou‘
544 2929 579 2982 sd
598 2945 706 2983 tantum
726 2947 810 2995 errat,
838 2932 915 3005 quod
935 2928 1062 2983 Plinium
1080 2927 1111 2980 in

211 2994 322 3066 'lyronis
348 3012 439 3051 aetate·
452 2995 607 3052 definienda
626 2998 720 3073 potius
744 3019 828 3073 quam
855 2999 886 3051 in
899 2999 1111 3071 Epigrammate

191 3064 373 3119 discernendo
390 3065 420 3118 in
436 3066 509 3121 vitio
529 3087 587 3121 csse
603 3084 690 3149 purat.
731 3074 763 3122 In
777 3065 886 3141 sylloge
901 3066 1111 3129 chronolovica,

192 3131 308 3187 Sniclam
323 3153 452 3208 sequens,
473 3152 505 3189 ut
517 3134 646 3193 Olearrus
660 3153 687 3190 et
699 3138 896 3200 Burmannus,
915 3137 950 3188 ad
965 3134 1012 3190 01.
1019 3108 1111 3188 ΧΪΠ.

191 3220 250 3254 eam
264 3202 346 3274 ponit
359 3221 423 3256 ctam
436 3205 582 3278 Sapphone
592 3208 726 3277 junctam.
763 3204 909 3277 Syneeilas
917 3225 946 3283 p.
962 3206 1022 3258 260.
1038 3205 1112 3270 (207.

191 3272 281 3340 Ven.)
299 3268 400 3340 Ἠρίνα
419 3273 565 3344 ποιήτρια,
587 3292 648 3329 ante
660 3273 835 3344 Dionysium
846 3273 941 3327 Siciha
953 3269 1111 3345 expulsum,

191 3339 243 3414 qui
258 3339 332 3410 apud
349 3339 504 3395 Eusebium
523 3359 564 3396 est
583 3342 629 3399 Ol.
642 3343 717 3400 CVI.
736 3364 759 3395 1.
803 3347 866 3416 Quo
886 3359 1025 3414 tempore,
1051 3337 1113 3393 Ari·

190 3407 298 3463 stotelis
311 3407 421 3463 scilicet
432 3425 459 3462 et
470 3410 672 3466 Demosthenis
688 3427 786 3479 aetate,
816 3413 840 3465 si
853 3412 959 3484 poetria
971 3409 1113 3463 floruisset

193 3478 291 3553 digna,
316 3498 387 3553 quae
399 3479 431 3532 in
443 3479 575 3536 chronica
587 3482 772 3557 reciperetur,
800 3500 835 3536 ex
848 3481 911 3535 aliis
928 3476 1113 3554 scriptoribus

127 3635 328 3652 ---—--
383 3628 395 3655 ”s

158 3739 188 3805 *)
215 3737 313 3793 Ursini
330 3739 398 3795 haec
418 3759 483 3796 sunt
501 3740 604 3797 verba:
634 3743 756 3811 „Miror
775 3760 867 3808 autem
891 3744 934 3797 M.
956 3744 1114 3801 Varronem

192 3820 218 3857 et
231 3824 296 3885 enm
319 3827 446 3864 secutum
460 3809 587 3865 Plinium
608 3829 663 3865 tam
684 3813 765 3866 foede
784 3814 889 3889 lapsos3
926 3811 976 3884 qni
994 3807 1115 3881 Myroni

170 3876 307 3979 'artrir‘p1,
343 3880 420 3952 quod
441 3880 475 3934 de
495 3883 582 3955 Myro
601 3882 709 3955 poetria
725 3881 830 3937 Erinna
851 3883 970 3947 dixerat,
1010 3878 1115 3934 tribue-

189 3958 254 4000 rint.
629 3977 638 3992 ·.
