2558 4500
1011 333 1017 349 .
1134 336 1177 404 ,9
1226 372 1228 376 ι

128 483 270 555 illorum
297 479 483 564 sententia,
506 491 546 546 ut
560 480 660 560 διἠσις
675 478 865 571 acciperent
879 502 944 570 pro
960 482 1175 569 dimissione,

128 586 345 664 remissione,
372 608 393 675 a
420 589 568 668 δι’ΐημι,
597 583 752 661 remitto,
775 584 937 665 dimitto,
969 612 1109 675 vereor,
1136 571 1182 661 ut·

76 695 89 774 J
126 688 265 779 linguae
275 686 425 762 Graecae
440 686 568 772 regulis
582 687 759 753 conveniat
767 689 888 755 haecce
904 690 1038 755 vocula.
1060 680 1176 778 Quota
1234 740 1236 747 .

79 851 81 856 .
128 803 213 878 quot
234 791 328 855 enim
344 810 370 854 a
391 787 498 852 verbo
520 796 589 869 ἵημι
602 786 752 873 ,ejusque
765 790 961 878 compositis
977 791 1173 865 formantur

123 895 441 981 substantiva,‚per
457 892 476 955 ἒ
488 887 616 970 breve,
638 912 709 954 non
722 914 785 980 per
799 896 823 971 ἦ
837 892 1028 978 finguntur,
1049 916 1174 981 quem-

124 996 311 1064 admodum
326 995 450 1080 ἄφισις,
470 985 595 1068 ἄνεσις,
617 994 735 1078 ἔφεσις,
760 994 897 1076 σύνεσις,
921 997 1041 1080 ὕφεσις,
1060 997 1096 1062 id
1112 1020 1189 1084 ge·-¹

123 1121 190 1165 nus
214 1098 278 1163 alia
304 1095 409 1182 (conf.
427 1095 531 1160 Henr.
555 1093 673 1182 Steph·
688 1095 857 1162 Thesaur.
880 1097 964 1184 ling.
980 1096 1044 1167 Gr.
1063 1121 1090 1162 s.
1106 1104 1171 1181 st).

120 1201 260 1291 Rectius
274 1199 379 1288 igitur
392 1197 514 1263 scribes
530 1199 626 1273 διίσις
643 1207 677 1261 et
693 1186 733 1261 in
747 1198 900 1284 genitivo
918 1204 1041 1288 διέσεως
1056 1221 1077 1264 a
1090 1223 1170 1265 ver·
1249 1234 1253 1238 -

121 1303 169 1370 bo
184 1309 301 1386 διΐημις
330 1299 508 1378 remissio,
530 1299 711 1363 vernacule
727 1272 1069 1389 Entlassung3iquae
1091 1324 1172 1384 vox,
1190 1309 1199 1323 ’“

122 1427 333 1494 quamquam
347 1402 413 1468 atio
429 1401 645 1490 potissimum
660 1424 760 1468 sensu
775 1403 864 1493 inre
880 1403 1179 1492 musiciusurpas
1221 1489 1225 1496 r
1259 1484 1264 1497 Ι

121 1519 192 1591 tur,
207 1507 252 1589 ¹²)
276 1503 477 1593 quinetiam
493 1503 559 1568 hoc
574 1526 675 1569 sensu
696 1505 836 1595 proprio
850 1507 1062 1594 reperiatur,
1085 1507 1191 1599 nihii!

122 1609 262 1690 dubito,
283 1610 362 1674 licet
376 1607 491 1671 nullus
506 1606 599 1670 locus
614 1605 651 1669 in
666 1604 829 1696 Stephani
843 1609 1023 1675 Thesauro
1036 1609 1170 1677 indice·
1258 1610 1260 1618 ’

122 1723 202 1794 tur,
225 1710 372 1775 necdum
387 1710 459 1798 ipse
474 1708 576 1774 talem
590 1708 750 1775 invenire
765 1713 948 1798 potuerim.

206 1848 280 1913 Jam
296 1842 472 1929 veniamus
489 1842 533 1909 ad
546 1848 746 1932 σπαργῶντα,
768 1846 859 1934 quod
875 1870 991 1914 ornnes
1008 1844 1168 1913 editiones

118 1959 220 2034 atquc
245 1948 372 2014 codices
394 1947 543 2026 habent3
571 1949 608 2014 in
632 1960 747 2014 nostro
772 1947 814 2012 ad
830 1951 1023 2037 marginem
1037 1949 1168 2022 adscri-

94 2048 100 2058 '
120 2061 220 2139 ptum
236 2063 302 2114 est:
325 2046 478 2136 γράφεται
496 2049 687 2130 σπεύδοντας
716 2067 802 2138 quae
818 2050 937 2133 lectio,
965 2051 1028 2116 nisi
1051 2053 1165 2118 omnia

119 2176 178 2244 me
193 2151 328 2233 fallunt,
351 2151 493 2217 debetur
508 2151 651 2218 librario
666 2150 800 2219 cuidam
815 2153 871 2216 vel
878 2152 999 2218 lectori
1013 2153 1165 2221 benevo·
1186 2192 1197 2205 ι

119 2253 225 2335 lenti,
248 2253 306 2339 qui
323 2255 490 2343 cumipse
504 2253 707 2340 gravitatem
721 2250 818 2318 verbi
835 2257 979 2341 σπαργᾷν
997 2279 1065 2320 non
1082 2280 1166 2346 per-

117 2358 333 2440 sentisceret,
355 2355 448 2419 aliud
463 2353 562 2445 nobis
576 2356 718 2421 verbum
734 2355 919 2420 obtrudere
935 2357 1060 2442 voluit,
1098 2383 1169 2447 quo

72 2505 78 2512 -
116 2473 266 2549 recepto,
289 2481 358 2523 non
373 2458 484 2523 solum
499 2454 670 2523 infirmior
682 2458 746 2522 erit
759 2457 885 2538 oratio,
908 2459 965 2523 sed
982 2459 1083 2548 etiam
1100 2484 1165 2534 ex·

118 2563 259 2632 stinctus
273 2561 367 2625 color
381 2558 583 2640 Platonicus,
606 2560 663 2646 qui
679 2560 715 2625 in
731 2561 797 2625 hoc
813 2560 918 2626 verbo
933 2562 1030 2629 inest.
1052 2548 1166 2631 Usurss'

95 2692 98 2699 ·
117 2679 179 2758 pat
195 2664 287 2730 enim
301 2664 396 2729 Plato
413 2665 552 2752 onuoydo
569 2661 611 2727 de
628 2663 769 2727 incenso
785 2664 977 2753 cupiditate
997 2677 1030 2730 et
1047 2666 1179 2757 impn-'

120 2768 240 2837 tientis
253 2767 365 2832 animi
378 2775 495 2847 (cestu,
519 2775 559 2829 ut
580 2768 670 2830 urius
695 2764 851 2831 omnium
873 2767 1002 2853 optime
1023 2771 1162 2835 tradidit

116 2871 340 2942 Ruhnkenius
361 2868 404 2933 ad
427 2865 560 2933 Timaei
579 2865 662 2935 Lex.
684 2863 1080 2956 vocc.Platt.13ag.254‚
1103 2860 1183 2957 qui'

116 2972 249 3042 fontem
268 2968 444 3051 indicavit,
477 2991 621 3055 exque,
648 2978 688 3033 ut
702 2966 767 3034 alia
780 2971 890 3036 multa
911 2967 1002 3059 apud
1022 2968 1160 3037 Plutar-

119 3079 236 3159 chum,
248 3076 294 3141 ita
311 3074 395 3138 haec
410 3093 547 3159 quoque
562 3071 750 3136 fluxerunt
791 3071 901 3154 Locis,
925 3070 966 3135 ab
984 3093 1024 3134 eo
1038 3072 1159 3138 lauda-

114 3179 183 3258 tio,
206 3180 267 3244 hos
284 3175 394 3242 habeo
420 3176 560 3241 addere:
590 3172 724 3238 Lucull.
748 3194 819 3261 cap.
840 3172 859 3237 6
872 3172 946 3238 init.
976 3172 1087 3239 Cicer.
1104 3174 1156 3240 4ο.

114 3281 250 3353 Aristid.
262 3303 312 3368 17.
335 3275 623 3369 Comp.Pericl.c.
639 3273 720 3340 Fab.
738 3275 830 3342 Max·
843 3298 857 3342 1
869 3274 927 3342 fin.
949 3274 1093 3343 Flamin.
1104 3293 1156 3381 ao.
1199 3263 1207 3295 ⁵

114 3461 321 3482 μ

183 3563 325 3644 quaerent,
350 3572 448 3641 quippe
465 3568 511 3640 qut
528 3569 614 3624 libare
631 3568 669 3623 ita
684 3565 802 3623 reddidit
819 3563 938 3622 Gallicae
959 3563 1109 3636 „oubliang
1126 3565 1157 3621 ιιι

183 3645 284 3714 dnm,
302 3658 355 3713 que
372 3639 398 3692 lo
416 3641 461 3692 roi
479 3638 520 3692 lui
536 3640 618 3692 auoit
630 3636 737 3710 [σῖτα.ιι
906 3660 909 3664 Δ
999 3652 1005 3663 ›

151 3747 197 3815 ta)
215 3747 325 3812 ,.Διέσις
343 3752 399 3794 erat
416 3743 475 3793 soni
493 3760 576 3810 genus
592 3742 620 3795 in
639 3738 737 3807 musici
754 3749 873 3793 veterum
893 3738 952 3809 (ein
968 3737 1154 3807 Viertelton);

183 3817 237 3881 „de
264 3830 318 3880 quo
345 3810 522 3861 diversimode
553 3809 702 3862 statuebant
724 3808 894 3877 Pythagorei.
928 3809 981 3862 vid.
1000 3808 1154 3862 Aristoxeni

180 3883 295 3950 ,‚Frsgg.
314 3899 340 3950 p.
356 3895 402 3949 172
416 3895 488 3946 seqq.
507 3879 550 3931 ed.
568 3879 658 3932 Mahn.
677 3888 705 3930 et
728 3876 882 3930 Schneideri
905 3876 1013 3945 Ectogo.
1036 3877 1152 3945 physice.

100 3948 102 3953 ’
180 3951 330 4018 „paphen
375 3946 462 3999 Etiam
481 3941 583 4002 διίσισν
606 3957 646 3996 est
663 3963 744 3998 sonus
762 3944 891 4010 musicus,
927 3917 1024 3997 deinde
1041 3944 1075 3994 ad
1091 3945 1154 3997 alias
1227 3980 1232 3989 ι

176 4036 240 4085 „res
255 4015 430 4088 designandas
444 4014 593 4067 traductus.
629 4013 691 4068 Vid.
705 4012 821 4081 Hesych.
840 4012 904 4066 Vol.
920 4014 942 4066 1.
957 4030 1016 4082 pag.
1030 4013 1089 4082 956.
1101 4011 1153 4063 ibi·

176 4103 248 4158 „quc
266 4098 337 4143 nott.
356 4095 384 4143 ct
400 4080 502 4146 Suiceri
521 4067 651 4140 thaan.
669 4082 762 4138 eccles.
781 4078 860 4135 Tom.
879 4082 900 4136 Ι.
917 4094 975 4152 pag.
988 4083 1068 4157 907³!
1106 4077 1152 4135 Gr.

745 4162 907 4234 Bu·
