2558 4500
43 415 48 418 y
93 341 152 391 102

35 533 46 541 -
92 489 130 558 in
152 496 289 563 rem‘otis
309 472 480 567 interdum
501 502 585 569 loeis
599 473 736 593 etapud
755 472 902 590 copules
925 523 1070 590 prorsus
1088 502 1137 568 di·

79 612 211 662 'versos
237 599 473 689 incorruptum
496 606 608 679 adhuc
629 609 690 695 vel*
705 607 752 671 ita
773 605 970 672 formatum
989 606 1138 671 invenire

93 695 181 773 licet,
204 713 242 765 ut
257 702 351 790 origo
367 719 424 776 aut
438 709 558 773 saltem
567 707 726 797 cognatio
742 731 813 773 non
829 704 1024 774 difficulter
1039 706 1141 794 ag'uo-

92 801 221 878 scatur,
244 824 350 897 eoque
363 807 505 877 affinitas
525 812 717 898 linguarum
736 821 770 877 et
789 810 1017 889 cohaerentia
1031 811 1141 876 notio·

94 919 181 966 num
193 901 424 977 humanarum
441 925 611 1004 appareat.

183 1093 211 1138 ι.
233 1077 398 1149 Doctrina
413 1087 635 1174 etymologiae
648 1110 720 1155 non
732 1085 832 1152 valde
843 1098 1100 1176 promovetur,
1120 1083 1144 1151 si

95 1197 217 1243 vocum
236 1183 379 1270 origines
392 1189 504 1265 verbis
519 1189 738 1277 assignamus,
763 1213 849 1276 quae
864 1189 980 1254 nimio
995 1186 1145 1254 notionis

95 1281 225 1376 ειιιῑιίιιι
240 1289 550 1370 (ιιιιιιι[οιιιιιιι1ιιιιι,·
562 1292 751 1378 quibusque
765 1314 821 1369 ros
832 1280 1048 1359 innumerae
1069 1289 1147 1358 sub·

96 1402 169 1477 esse
183 1405 350 1480 possum.
374 1394 470 1483 Quid
481 1396 573 1478 enim
590 1406 658 1475 est,
680 1407 720 1460 ut
731 1393 901 1483 ,exemplis
917 1405 1024 1478 utar,
1060 1392 1147 1483 quod

94 1505 168 1568 non
183 1487 375 1577 moveatur,
396 1510 464 1569 aut
475 1497 665 1578 effernatm,
673 1509 747 1575 aut
751 1509 841 1599 agat,
864 1507 924 1563 aut
942 1509 1072 1577 sonet,
1076 1505 1146 1569 aut

80 1585 230 1677 turem?
252 1593 344 1662 Sicut
358 1599 402 1664 ad
415 1623 534 1666 rerum
550 1600 755 1679 naturabium
757 1585 1005 1685 cognitionem
1024 1621 1147 1687 parum

97 1694 230 1765 confert
238 1700 341 1782 seire,
363 1704 458 1787 quod
482 1703 564 1788 quid
582 1702 674 1767 vivat
685 1702 754 1778 eut
769 1702 878 1769 vireat
896 1712 935 1765 et
949 1715 1147 1782 moveatur,

98 1806 157 1859 aut
180 1798 252 1863 vita
275 1810 308 1865 et
321 1816 430 1875 motu
442 1803 640 1871 destitutum
663 1802 724 1883 site
745 1805 792 1869 sie
804 1801 873 1868 ad
864 1799 1073 1868 interiorem
1090 1803 1147 1868 do·
1151 1821 1158 1853 ¹

98 1895 243 1964 ctrinam
258 1902 520 2020 etymologicam
551 1896 764 1991 originesque
783 1879 1048 2022 investigandas
1082 1928 1146 1971 non

98 1999 236 2077 suffieit,
259 2027 380 2072 vocem
395 2007 564 2094 assignare
578 2006 670 2084 soei,
691 2029 778 2093 quae
793 2003 937 2072 notione
949 2006 1061 2075 nimis
1075 2031 1146 2073 am·

98 2103 156 2191 Pla
166 2105 380 2194 superbit

187 2277 216 2343 5.
239 2276 388 2347 Multum
408 2278 545 2368 quidem
568 2278 610 2346 ad
631 2281 767 2369 regulas
793 2278 1039 2369 {inguarum
1023 2264 1146 2370 regno⁴

99 2379 242 2457 seendas
264 2395 297 2447 et
322 2383 527 2450 ordinandas
553 2381 814 2470 interwiooemque
836 2383 997 2479 linguae
997 2384 1146 2451 Graecae

102 2462 324 2567 ebgnitionem
339 2486 647 2553 Grammaticorum
663 2483 746 2550 fads
760 2484 923 2566 doctriua,
947 2507 1062 2571 quae
1057 2510 1145 2552 sores

101 2582 140 2685 in
160 2586 344 2701 elementa,
375 2587 495 2673 quibus
516 2589 726 2687 compositae
742 2584 941 2652 videntur
924 2610 1018 2681 esse,
1052 2576 1148 2676 quasi

20 2780 22 2784 ι
62 2770 64 2775 Ι
102 2706 267 2774 primaria
280 2688 383 2756 solvit
395 2703 496 2779 atque
510 2691 674 2758 dissecuit.
711 2686 927 2757 Cavendum
933 2688 1056 2757 tamen
1074 2707 1131 2774 est,

151 2870 165 2879 ''
232 2869 338 2939 a)ne
346 2862 384 2928 in
406 2863 600 2951 opinionem
619 2865 862 2952 perducamur,
891 2864 1068 2930 elementa
1092 2863 1149 2928 ists

104 2983 207 3028 sensu
219 2963 386 3032 historico
391 2967 524 3033 radices
540 2988 625 3048 esse,
648 2964 829 3054 exquibus
845 2966 1017 3040 voeabula·
1028 2968 1150 3033 sensim

105 3065 321 3134 adoleverint.
355 3068 440 3160 Quis
457 3069 558 3146 enim,
574 3079 709 3154 quaeso,
731 3083 836 3153 quum
851 3068 988 3154 linguae
1000 3094 1152 3136 nasccn-

6 3159 12 3185 ³'
50 3233 54 3237 ,
105 3177 180 3250 sur,
218 3193 327 3256 neque
350 3193 433 3235 vero
456 3170 669 3263 efficiantur,
709 3170 808 3268 facile
836 3166 902 3232 sibi
922 3172 1150 3254 persuadebit.

104 3270 296 3360 primaevos
311 3273 465 3360 homines
480 3275 642 3362 accepisse
650 3284 708 3338 aut
720 3269 886 3338 invenisse
901 3275 1073 3339 voeabula
1084 3271 1152 3362 pri·

105 3376 214 3440 mario
236 3378 300 3459 dei,
328 3378 386 3458 ἔω,
416 3381 471 3456 ἴω,
490 3393 570 3458 ete,
596 3388 699 3461 atque
723 3365 936 3460 temporibus
959 3375 1151 3444 labentibus

26 3536 29 3541 .
79 3522 84 3534 ι
107 3477 230 3542 exinde
246 3491 405 3544 ortaesse
426 3481 511 3563 ἅβω,
532 3480 610 3563 ἔγω,
633 3484 707 3554 ἴδω,
729 3487 812 3558 ete,
835 3487 952 3563 postea
974 3499 1061 3542 vero
1081 3473 1152 3541 effi-

108 3592 161 3646 cta
180 3603 249 3644 esse
261 3583 363 3646 verba
377 3586 527 3650 auctiora
540 3579 639 3667 βᾶβω,
656 3579 753 3667 βάγω,
764 3567 855 3651 'osta
871 3577 968 3666 γύρω,
985 3590 1064 3661 etr„
1085 3593 1154 3644 tum

109 3684 253 3770 denique
272 3685 423 3750 maxime
443 3697 540 3751 aucta
562 3698 593 3748 et
618 3682 819 3796 composita·
823 3681 961 3746 inventa
977 3694 1052 3745 esse
1068 3670 1155 3746 etin·

108 3794 209 3850 usum
227 3786 414 3872 prodiisse?
435 3788 507 3874 quis
529 3787 567 3851 in
587 3798 680 3850 tanta
700 3781 837 3869 originis
859 3781 1059 3868 linguarum
1074 3784 1156 3848 culi·

70 3882 75 3891 ’
108 3884 186 3974 gine
201 3887 346 3952 firmiter
361 3889 565 3953 contendere
574 3884 736 4004 audebit,
754 3883 928 3949 voeabula
942 3885 1157 4000 simplicissi-

108 4011 167 4058 ma
178 3999 333 4077 tempore
345 4003 558 4061 mrtocessrsse
571 3989 631 4075 iis,
655 4010 740 4088 quae
757 3988 866 4080 magis
884 3997 987 4059 ousta
1005 4002 1083 4056 'esse
1105 3987 1158 4054 vi·

82 4082 268 4221 dentur?
343 4139 346 4145 -
1008 4116 1013 4129 ·
