2558 4500
285 434 351 524 ὀι
371 447 490 524 Alex.
510 452 557 521 u.
579 448 770 521 Fortuna
791 452 818 518 1.
841 473 869 518 ι.
891 451 949 522 111.

467 570 558 646 (Hutt.
574 573 609 631 Τ.
624 572 673 628 ut
685 574 777 647 μορ.)
844 590 847 595 ·

214 703 261 772 sti
277 706 311 773 δὲ
333 705 394 792 προ
413 707 468 786 τῆς
489 708 663 788 στρατείας,
685 703 737 770 ἐπὶ
757 704 820 778 τοῖς
842 701 1045 778 Φιλιππικοῖς
1062 726 1111 769 πο·

124 804 228 893 {iuter
248 805 492 895 ἐπέσπαιρεν
513 809 535 887 η’
554 803 674 883 Ἑλλάς.

209 911 423 984 Vocabulum
435 916 451 978 ε’
459 914 602 977 πισπαί
609 936 680 995 ρω,
701 906 791 994 quod
805 907 868 972 hoc
881 929 952 972 uno
966 907 1044 971 loeo
1057 928 1111 969 oe·

125 1035 263 1079 currere
283 1014 438 1097 videtur,
466 1009 747 1101 Wytteubachius
768 1034 839 1075 non
862 1008 1112 1076 sollicitandum

125 1136 197 1181 esse
211 1129 335 1189 censet.
357 1117 402 1187 Et
419 1128 470 1181 est
482 1136 562 1181 sane
577 1113 707 1197 legibus
720 1113 892 1198 analogiae
905 1111 1113 1177 convenien-

122 1228 177 1282 ter
204 1217 361 1291 effictum.
404 1220 456 1284 Ita
476 1217 576 1287 etiam
599 1216 686 1287 ferri
714 1216 820 1306 possit
846 1213 1113 1297 ἐπὴσπαιρεν,

121 1319 212 1405 quod
227 1342 431 1406 quamquam
447 1318 741 1405 paullumdiverso
750 1327 1016 1383 sensuooourrat
1028 1315 1113 1403 apud

122 1422 320 1508 Oppianum
345 1419 514 1506 (Halieut.
531 1422 563 1497 5,
587 1420 660 1505 407.
681 1419 742 1485 ubi
764 1431 815 1484 est
838 1422 1112 1501 ἔπασπαίρειν

121 1520 292 1609 μόχθῳ),
314 1533 431 1611 ¹tamen
451 1521 553 1588 etiam
575 1523 750 1611 commode
771 1519 961 1608 significare
974 1531 1111 1610 posset:

22 1664 25 1669 ·
109 1625 211 1695 ,noch
233 1623 461 1693 noehzuekeu·
503 1624 620 1711 Neque
636 1625 763 1693 dixerit
781 1623 900 1710 aliquis
914 1622 1020 1688 nimis
1030 1644 1112 1711 poe-

119 1729 186 1795 tice
202 1728 250 1793 sio
261 1749 452 1797 sermonem
468 1729 660 1814 pedestrem
671 1729 885 1807 locuturum3
914 1725 1005 1797 dixit
1025 1724 1112 1789 enim

121 1829 226 1895 simili
242 1827 345 1911 modo
368 1828 441 1895 fere
460 1828 591 1915 poetico
609 1829 811 1896 Plutarchus
832 1826 924 1893 infra
938 1825 1109 1908 DeAlex.

120 1930 214 2000 Fert.
239 1931 278 2001 II·
303 1953 329 1994 c·
344 1929 404 1996 XI.
424 1952 459 2018 p.
476 1932 528 2013 75.
552 1931 647 2000 Hutt.
669 1931 717 1999 ‘H
732 1935 765 1998 δὲ
790 1929 897 2019 (τύχη)
916 1924 1012 1997 πάλιν
1034 1927 1113 2013 αὐτῷ

119 2031 174 2111 τοῖς
197 2030 301 2119 Θήβας
320 2033 503 2101 ἐνέσεισε.
571 2031 638 2100 Sed
656 2053 858 2120 quamquam
875 2033 960 2099 haec
972 2030 1020 2099 ita
1035 2032 1113 2108 sint,

119 2147 236 2203 movet
251 2146 367 2201 tamen
379 2155 435 2197 me
453 2144 487 2198 et
502 2134 704 2223 praepositio
725 2139 791 2203 ἐπὶ
811 2134 926 2220 paullo
950 2145 1031 2199 ante
1045 2158 1114 2223 po-

46 2232 49 2237 ’
119 2237 184 2303 sita
197 2249 231 2303 et
243 2238 409 2325 particule
423 2237 506 2318 ἔτι,
528 2257 633 2323 quae,
655 2249 694 2303 ut
706 2242 822 2302 sensus
836 2236 881 2300 sit
892 2237 1032 2322 plenus,
1051 2260 1112 2301 re-

117 2340 286 2425 quiritur,
308 2351 348 2411 ut
361 2338 454 2412 facili
466 2339 654 2407 mutatione
666 2338 882 2406 scribendum
901 2338 1113 2404 existimem:

120 2439 166 2515 ἔτ’
188 2441 241 2506 vel
265 2441 323 2511 ἔτι
343 2445 560 2528 ἤσπαιρεν,
601 2441 690 2527 quod
713 2444 814 2509 etiam
830 2444 1006 2530 Amyotus
1021 2442 1113 2529 cogi-

119 2552 210 2608 tasse
229 2543 365 2608 videtur
387 2554 545 2608 vertens:
587 2542 646 2609 Lo
668 2542 776 2619 Grdee
811 2568 855 2610 se
886 2543 1092 2610 debottoi
1098 2554 1112 2608 t

120 2665 276 2711 encore
305 2668 394 2735 pour
415 2647 453 2711 lo
472 2668 683 2714 souveuouoe
705 2648 762 2714 des
782 2670 949 2738 guerree,
986 2646 1110 2738 qu’elle

120 2746 215 2814 auoit
229 2747 392 2823 enotares
404 2771 482 2819 sous
497 2768 577 2823 men
587 2749 883 2839 perePtilippus.

353 2960 414 3027 De
435 2959 554 3028 Alex.
577 2958 676 3025 fort.
697 2960 740 3026 ΙΙ.
762 2958 867 3030 e.V1.

466 3080 560 3150 (Hutt.
572 3079 605 3135 Τ.
618 3079 669 3135 ut
680 3077 776 3151 σοι.)

202 3201 289 3283 Περὶ
310 3194 344 3266 δὲ
363 3203 417 3280 τῆς
438 3205 575 3288 Δαρείου
595 3197 754 3286 roveredo,
789 3196 1037 3286 εὐπρεπεστάτης
1056 3225 1111 3289 γε·

116 3298 265 3383 evulsos,
307 3300 378 3370 ου’δέ
399 3301 503 3386 φωνήν
523 3305 711 3371 ἐπαινοῦσαν
731 3298 769 3369 εδ
790 3302 899 3380 κάλλος
926 3302 1108 3383 ἤκουσεν·

78 3396 82 3403 ’
114 3400 339 3470 ἀποθανοῦσαν
351 3407 394 3471 ’δὲ
406 3440 449 3456 --
459 3408 630 3489 βασιλικοῖς
650 3401 818 3492 ἐκόσμησεν
841 3408 873 3483 (o'
884 3405 1110 3489 Ἀλέξανδρος).

200 3504 289 3572 Mire
302 3529 337 3571 se
348 3518 485 3594 torquet
497 3509 675 3595 Amyotus,
695 3519 736 3572 ut
752 3530 797 3574 ex
811 3508 956 3575 lectione
972 3508 1110 3594 vulgata

115 3627 255 3675 sensum
267 3620 381 3675 eruat:
411 3608 446 3675 Il
460 3633 502 3674 ee
514 3611 633 3677 voulut
647 3634 718 3698 pas
730 3612 920 3685 seulement
938 3612 1011 3677 oui
1017 3634 1037 3677 r
1056 3633 1109 3676 uu

116 3708 190 3795 qui
211 3709 275 3781 lui
301 3733 345 3777 eu
363 3713 472 3779 Ζοιιοὶι
493 3715 531 3779 le
551 3712 682 3780 beozste'.
746 3714 813 3781 Sed
836 3739 911 3782 eom
926 3728 1017 3782 stare
1038 3737 1110 3779 nou

70 3869 72 3873 ,
114 3831 215 3896 posse
231 3812 384 3880 Reiekius
406 3816 506 3898 vidit,
526 3816 707 3906 suspicans
727 3819 742 3898 (
749 3829 789 3882 ut
812 3830 903 3884 amat
920 3817 1046 3883 addere
1067 3814 1110 3878 de

116 3934 198 3998 suo,
234 3934 320 4003 quae
341 3916 501 3989 excidisse
520 3915 634 4009 putat)
653 3920 834 4008 legendum
856 3944 945 3989 esse:
975 3916 1109 3993 οὐδεὶς
