2558 4500
194 305 257 374 154

191 470 323 545 rusticis
337 494 384 539 ex
396 493 437 538 es
448 470 595 551 laudate,
609 470 746 540 intense
760 473 1064 558 comparaverint.
1111 476 1233 545 Praeter

191 578 332 648 Suidum
347 587 463 643 sutem
476 598 503 640 s.
509 599 540 640 v.
554 573 708 665 σπουδάζοι
723 579 839 659 (quem
852 574 975 641 locum
991 588 1081 646 ante
1093 579 1237 650 muttum

192 705 238 749 ex
251 683 356 750 Mser.
370 679 473 744 Paris.
487 677 726 763 redintegravit
738 678 918 758 Kusterus)
943 690 1059 765 atque
1080 696 1186 749 unum
1202 700 1237 747 ex

181 781 429 873 ⁴grammaticis,
451 804 536 867 quos
550 779 688 845 exhibet
702 780 776 848 Vol·
791 780 818 848 1.
832 780 966 848 Anecd.
986 782 1116 864 Bekk,
1137 805 1239 865 nemo,

164 955 168 962 ,
190 900 355 976 quantum
369 883 532 971 expiscari
547 882 653 979 potui,
669 881 837 969 epitomen
854 883 1083 967 nominavit3
1108 898 1240 970 uterque

146 998 151 1004 '
189 986 421 1066 verononnisi
435 978 741 1071 singulas‘ucculas.
785 984 886 1074 Quae
900 986 1066 1072 ,quidem
1087 988 1139 1058 ite
1158 1011 1239 1055 com·

189 1101 327 1181 paratae
346 1101 443 1170 sunt,
473 1098 511 1151 ut
531 1086 772 1176 Theopompus
795 1087 859 1153 hoc
882 1090 1147 1181 compendium
1169 1111 1239 1157 oon·

191 1192 331 1258 cinnans
355 1189 536 1258 hinciltinc
568 1189 731 1256 Herodoti
756 1189 861 1255 verba
888 1191 946 1257 vel
971 1191 1166 1258 retinuisse
1185 1191 1239 1271 vei,

188 1297 327 1382 jubente
342 1295 502 1372 disiecto,
525 1314 605 1356 cum
619 1293 798 1359 Atticismo
813 1305 1060 1360 commutasse
1078 1293 1237 1376 videatur,

68 1442 77 1451 ,
190 1401 306 1484 Itaque
322 1394 651 1475 Grammaticorum,
672 1395 699 1460 si
713 1382 1052 1478 quandozdtticistes
1069 1418 1175 1482 ogere
1187 1419 1237 1463 cuv

188 1511 327 1593 perent,
350 1499 545 1586 expeditum
561 1497 628 1561 fuit
646 1499 816 1584 negotium
838 1496 1098 1565 inscribendis
1123 1498 1235 1565 utrius·

109 1636 112 1641 ·
190 1594 258 1695 que
274 1601 565 1687 dialectiiegibuss'
591 1597 798 1664 conderenda
820 1613 957 1693 tantum
983 1601 1150 1690 epitome
1172 1621 1235 1667 suu

187 1702 261 1798 i'ps'o
275 1705 458 1780 Herodoto,
480 1713 517 1766 ut
534 1711 676 1788 pateret,
699 1699 778 1785 quid
790 1700 826 1765 in
839 1701 953 1769 ionico
972 1703 1155 1793 scriptore
1167 1727 1237 1794 pm,

98 1834 110 1844 “
187 1806 422 1875 bevissetsiue
437 1803 604 1881 rejecisset
619 1802 717 1883 attice
737 1815 798 1868 aut
819 1816 909 1885 certe
932 1808 1031 1896 κοινῇ
1056 1809 1144 1887 λέξει
1164 1806 1236 1873 scri·

66 1969 74 1976 .
186 1886 561 1992 bens‘ffireopompum
578 1905 667 1968 enim
686 1903 721 1969 in
735 1905 774 1970 iis
788 1895 898 1992 pono,
929 1907 994 1992 qui
1010 1909 1129 1975 medii
1144 1921 1234 1975 stete·

187 2024 272 2081 runt
288 2010 377 2073 inter
397 2005 535 2073 atticum
552 2029 742 2074 sermonem
765 2021 910 2087 etcum,
933 2010 995 2096 qui
1014 2010 1148 2079 deinde
1167 2013 1234 2079 ste·

188 2113 354 2185 xsndriee
373 2108 501 2177 effictus
520 2120 578 2175 est.
623 2110 661 2176 In
685 2111 798 2175 multis
816 2111 982 2176 Nostrum
1005 2115 1234 2201 praeceptoris
1268 2148 1271 2167 =

187 2216 238 2285 sui
253 2212 393 2304 vestigia
404 2213 541 2296 legisse,
562 2211 664 2277 tradit
680 2212 816 2278 Photius
834 2212 916 2277 cod.
935 2213 1008 2288 176.
1035 2239 1070 2302 p.
1093 2216 1168 2281 204.
1187 2214 1233 2282 ubi

185 2319 274 2389 forte
287 2320 349 2405 leg.
362 2315 461 2395 neiis}
474 2315 532 2402 reip
547 2321 582 2384 ἐν
596 2318 660 2392 wic
676 2309 861 2396 Θεοπόμπου
872 2316 895 2393 η’
907 2315 989 2381 uacci
1006 2321 1103 2384 ἰδέαν
1115 2327 1233 2403 μίμησις

105 2428 111 2439 '
185 2423 246 2487 reis
263 2417 525 2507 παρ’Ἱσοορᾶτει,
538 2426 569 2486 εἰ
582 2413 683 2487 iunii
705 2415 864 2483 cf.Marx.
881 2416 1000 2502 fragm.
1010 2420 1112 2508 Eph.
1131 2444 1165 2507 p.
1178 2421 1230 2485 15.:

185 2525 293 2591 immo
301 2544 381 2587 vero
391 2520 583 2587 adverbum
597 2542 702 2604 usquc
717 2522 788 2607 ejus
802 2522 997 2608 exemplum
1016 2522 1230 2608 expressisse,

185 2623 351 2714 produnt,
384 2623 442 2710 qui
471 2624 513 2693 dc
536 2625 606 2702 ejus
627 2621 745 2708 plagiis
769 2624 996 2710 scripserunt,
1030 2608 1160 2709 ¹inque
1188 2621 1229 2688 tris

170 2722 402 2813 ,Porphyrius
415 2724 505 2812 apud
527 2722 650 2790 Euseb.
673 2747 827 2814 prosper.
852 2746 969 2808 evang.
984 2723 1032 2804 X,
1051 2726 1085 2790 3.
1114 2747 1150 2813 p.
1167 2723 1228 2799 464,

186 2827 237 2893 ed.
253 2826 372 2891 Coton.
396 2824 437 2890 cf.
457 2823 558 2890 Isocr.
583 2830 708 2914 Areop.
731 2853 765 2916 p.
785 2825 855 2893 216.
882 2826 932 2889 ed.
955 2827 1094 2912 Leng.).
1143 2828 1229 2919 Quae

182 2931 212 3009 ei
229 2929 275 2995 ite
291 2951 362 2993 sese
375 2927 518 3002 habent,
547 2928 613 3011 jam
629 2932 782 3016 sequitur
798 2927 894 2998 inde,
923 2927 1080 3014 plurima
1107 2929 1228 2996 latitare

101 3091 108 3106 ,
184 3030 220 3097 in
235 3031 559 3125 grammaticorum,
575 3031 714 3111 Suidae,
738 3029 906 3117 Hesychii,
927 3026 1227 3145 Photiiffireliquo-
1270 3050 1272 3055 ·

183 3155 330 3217 rumque
351 3132 618 3217 commentariis,
644 3155 734 3225 ¹quae
757 3134 824 3198 hnc
847 3141 1020 3219 spectant,
1044 3135 1227 3218 mojorem,

184 3258 285 3322 quam
300 3257 363 3323 pro
376 3235 458 3299 meis
474 3234 620 3318 viribus,
643 3237 850 3315 doctrinam,
872 3246 912 3299 nt
926 3234 1185 3320 protrahuntur
1197 3236 1227 3300 in

182 3337 314 3422 lucem,
335 3336 398 3403 sibi
410 3336 626 3427 postulantia.
641 3341 680 3421 ¹⁸)
730 3339 896 3404 Extremo
907 3335 1061 3422 denique
1074 3337 1158 3405 loco
1171 3337 1226 3404 elit

217 3628 261 3693 18)
279 3627 474 3696 I'hrynichum,
517 3627 558 3681 eui
576 3628 703 3682 nonnulis
720 3628 797 3694 hujus
814 3626 963 3695 compendii
981 3627 1134 3696 debenus,
1173 3630 1226 3700 pie-

251 3699 354 3749 uiorem
371 3696 398 3747 in
412 3698 545 3763 Stephano
559 3699 621 3766 Byz.
640 3699 776 3752 invenerat
791 3696 902 3759 suidas,
917 3706 1077 3766 utrumqne,
1097 3713 1129 3753 et
1147 3702 1227 3767 Phry-

251 3764 356 3814 nichum
372 3782 393 3813 ο.
407 3766 509 3832 Steph„
526 3767 676 3818 decurtatos
694 3768 721 3817 in
741 3783 786 3817 sua
803 3762 899 3818 scrinis
915 3765 1019 3836 recepit
1034 3769 1226 3835 grammaticus.

249 3830 338 3882 Habet
363 3832 432 3883 enim
457 3832 548 3902 Steph.
575 3853 595 3886 s.
615 3854 638 3885 v·
667 3837 799 3903 Τομοοῖον
822 3848 869 3895 0⁸,
903 3847 969 3901 quse
991 3832 1096 3887 frustra
1126 3854 1227 3908 queem

250 3896 320 3964 apud
346 3897 547 3954 Grammaticum
565 3902 696 3964 Beikeri,
724 3903 769 3971 qui
786 3899 946 3957 verissimez'
963 3900 995 3956 ἐι
1011 3901 1078 3957 τόν.
1092 3909 1229 3976 Φρυνίχου

182 4020 185 4026 ,
249 3962 300 4021 τοῦ
316 3960 466 4038 Ἀραβίου,
482 3970 631 4040 inscripsit,
650 3972 685 4025 cf.
702 3971 782 4027 Phot.
799 3970 868 4023 Bibt.
887 3967 948 4020 cod·
964 3968 1096 4027 CLVIII.
1117 3987 1147 4027 et
1161 3973 1230 4027 suit.

251 4052 273 4086 ι.
291 4052 316 4086 v.
342 4040 393 4105 Φρ,
435 4037 609 4090 Βοοίᾱοοοοιιτ
635 4041 749 4109 denique
773 4040 801 4092 iu
825 4036 970 4091 Aneedotis
994 4055 1050 4092 vox
1075 4035 1124 4098 'Ie
1161 4041 1231 4100 siris·

250 4119 319 4174 quse
335 4105 537 4174 eit-Phrynicho
554 4108 698 4175 irrepserat
714 4108 744 4160 in
761 4107 904 4176 marginem
922 4106 1071 4172 Moeridis,
1105 4129 1121 4161 s
1153 4114 1232 4181 'quen
