2558 4500
116 389 152 463 οἱ
171 382 205 447 δὲ
228 381 328 468 σὲἕχσα
349 348 439 460 αὐτῆς
459 383 628 464 ἐκρίθησαν
649 379 712 445 isar
737 382 799 457 τοῖς
819 376 961 469 Ὀμήρου.
1003 376 1041 458 ἦν
1069 381 1102 446 δὲ

117 483 226 570 ἑταίρα
244 486 396 568 Σαπφοῦς
415 488 468 550 καὶ
483 479 651 570 ἰσόχρυσος.
667 479 698 568 ⁶)

186 795 261 848 Cum
279 814 321 851 vs.
336 812 361 850 2.
389 795 424 853 cf.
441 797 508 852 Not.
522 811 549 863 3.
569 752 667 923 ΙΑησῐᾶ.
685 800 738 871 Ep.
757 816 798 853 rs.
810 812 836 863 7.
861 821 896 843 -ο
919 801 969 858 vs.
985 805 1012 864 4.
1032 794 1100 866 allu-

186 864 229 924 dit
244 865 279 918 ad
290 867 411 920 Erinnae
422 864 585 937 Ἦλααάτην,
655 867 819 920 tristodorus
835 889 862 922 v.
882 880 955 938 1⁰8⁶

279 966 444 1052 Παρθσνιαὴ1
459 965 613 1036 δ”Ἠριναα
630 967 776 1095 λιρῦθροοσ
793 972 864 1035 ἕζετο
882 969 979 1042 κούρη,

278 1059 309 1091 ου
326 1044 409 1105 μίτον
426 1037 595 1108 apponiaco
613 1058 649 1092 πο
668 1037 805 1104 dalonen,
822 1037 880 1094 ἀλλ’
898 1040 937 1094 a‘vl
955 1042 1014 1114 σιγῇ

277 1105 407 1182 Πιερικῆς
422 1103 595 1179 ραθᾶμιγγασ
612 1104 822 1165 α’ποσταλσῖσυσα
840 1108 974 1177 μελίσσης.

179 1208 308 1265 Sedentis
321 1198 441 1261 Erinnae
452 1223 540 1261 statua
552 1209 682 1262 admonet
694 1209 808 1262 Tatiani
819 1210 857 1262 ad
869 1209 967 1263 Graec.
983 1209 1048 1281 Cap.
1056 1221 1099 1276 51.

145 1334 149 1343 ,
179 1278 405 1352 p.115.Wo,1·th.
424 1274 624 1357 Ἤρινναναῂν
633 1283 756 1348 Λεσβίαν
763 1277 1100 1364 Ναιαύδησχέχαλκσσρρη-

180 1351 246 1417 σαν).
280 1346 430 1419 Naucydes
447 1361 515 1399 teste
528 1336 621 1400 Pluuo
631 1348 763 1409 XXXIV.
782 1359 808 1416 8.
826 1344 924 1402 floiuit
947 1345 994 1401 Ol.
1009 1348 1099 1410 XLV,

149 1485 179 1555 6)
198 1483 309 1540 Ultima
328 1483 398 1559 quin
415 1483 519 1565 pariter
535 1502 568 1541 ut
586 1484 679 1559 priora
698 1506 733 1541 ex
746 1483 863 1540 vetustis
875 1493 1020 1557 poetarum
1033 1482 1098 1536 reli·
1166 1491 1169 1496 '

179 1554 255 1627 quiis
271 1553 369 1608 hausta
390 1554 460 1620 siut,
487 1556 558 1611 ratio
574 1574 631 1609 non
649 1555 726 1618 adest
745 1552 940 1614 addubituudi.
985 1557 1030 1606 Ex
1044 1553 1099 1605 hac

177 1643 247 1678 vero
259 1623 378 1677 Erinnes
390 1641 454 1677 cum
467 1625 627 1705 Sapphone,
651 1623 759 1698 poetria
770 1643 835 1696 prae
850 1622 946 1676 ceteris
962 1621 1097 1675 omnibus

179 1691 265 1757 olara,
293 1691 417 1744 amicitia
434 1692 568 1764 exphcari
587 1694 704 1767 poterit,
733 1693 811 1766 quod
832 1690 952 1764 plurimi
963 1689 1097 1744 Lesbiam

177 1758 258 1813 illam
272 1758 424 1813 maluerint
436 1761 528 1816 dicere
542 1783 626 1836 quam
643 1763 752 1817 Teliam
767 1762 827 1815 sive
838 1759 965 1821 Teniam.
985 1759 1096 1813 Mirum

177 1845 218 1882 est
231 1847 348 1883 acumen
367 1829 476 1882 Reisltii
491 1830 510 1882 l.
524 1851 607 1904 supra
620 1852 642 1884 c.
659 1852 672 1884 e
687 1830 802 1885 nomine
816 1831 962 1904 depravato
976 1830 1096 1882 deEriu-

175 1918 227 1950 nae
250 1914 335 1951 aetate
355 1898 518 1971 opinionem
536 1918 630 1968 natam
643 1899 820 1973 suspicantis.
857 1899 1004 1965 „Potuisse
1019 1897 1095 1957 euim

173 1965 269 2040 pheres
283 1985 340 2020 esse
353 1968 473 2022 Erinnae
487 1969 632 2042 opinatur,
660 1970 780 2042 ideoque
796 1970 869 2021 circa
884 1967 1001 2048 patriam
1014 1968 1096 2019 Erin-

172 2055 224 2089 nae
239 2051 363 2090 auctores
376 2036 548 2110 discrepare:
565 2038 693 2112 potuisse
707 2054 800 2091 tamen
815 2058 849 2090 ex
861 2037 964 2090 vitiosa
974 2035 1096 2088 lectione

173 2104 253 2158 nasci
267 2102 446 2186 opinionem,
472 2107 608 2160 Erinnarn
629 2107 756 2179 Sapphus
772 2104 915 2179 aequalem
935 2120 962 2157 et
976 2104 1096 2157 familia-

172 2193 231 2226 rem
249 2173 346 2228 fuisse.
381 2178 406 2227 A
428 2177 564 2228 Maximo
583 2175 698 2248 quidem
718 2176 809 2246 Tyrio
829 2173 955 2245 Sapphus
976 2171 1095 2224 familia·

173 2261 232 2294 rem
247 2241 382 2315 adpellari
395 2249 528 2312 Γαρίνην,
557 2243 592 2298 ab
613 2242 717 2297 Ouidio
732 2260 824 2296 autem
843 2244 1029 2311 Pyrinonem,
1057 2241 1094 2292 fa-

174 2310 225 2362 cili
236 2309 381 2365 literarum
394 2311 565 2365 confusione.
595 2313 750 2367 Enimvero
763 2312 839 2384 apud
855 2311 939 2365 ovid.
956 2311 1020 2363 Her.
1029 2311 1093 2370 XV.

175 2391 216 2446 ¹5·
226 2399 279 2452 pro
299 2380 413 2453 antiqua
426 2379 560 2435 lectione:

269 2467 329 2530 Nec
340 2466 407 2522 mibi
425 2466 533 2538 Pyrino
553 2467 669 2521 subeunt
683 2468 821 2522 Manisve
830 2466 941 2539 puellae

170 2573 205 2609 ex
222 2552 276 2608 Ed.
296 2552 360 2606 Ald.
380 2556 426 2622 (et
442 2558 581 2628 Ποινῆς.)
600 2555 736 2608 Heinsius
756 2574 788 2607 ac
806 2557 984 2608 Butmannus
1005 2551 1091 2620 (item
1155 2584 1158 2589 ·

167 2642 242 2676 nunc
257 2622 434 2696 Lennepius,
457 2625 505 2678 sed
525 2643 625 2678 vereor
643 2624 775 2699 equidem
794 2644 828 2676 ne
847 2623 969 2694 injuria²
1000 2642 1091 2695 quum

168 2692 285 2746 subcunt
302 2692 333 2745 in
349 2694 541 2767 suspicionem
555 2693 653 2747 venire
668 2713 726 2748 nou
738 2694 837 2771 possit)
851 2708 1054 2766 reposueruut:

267 2778 325 2832 Nec
344 2799 385 2839 me
410 2779 580 2850 Pyrrhiades
596 2779 865 2851 Methymniadesve
884 2778 1003 2849 puellae.

167 2864 240 2930 Ibid.
257 2865 291 2918 ad
304 2876 393 2926 vs.17.
412 2863 618 2918 Nic.Heinsius
631 2864 662 2916 in
673 2865 736 2920 loco
754 2867 840 2920 Max.
861 2858 945 2934 Tyrii
951 2864 1055 2917 XXIV.
1063 2880 1088 2933 9·

168 2953 196 3005 p.
209 2949 269 3005 297.
287 2932 342 2988 Ed.
353 2933 428 2987 Dav.
443 2937 479 2987 ΙΙ.
491 2932 555 2987 loco
567 2938 687 3003 Γυρίννα
694 2976 704 3002 ,
722 2936 798 3008 quod
810 2929 1088 2994 seiravitDavisins,

170 3002 230 3056 sine
250 3000 308 3055 ulla
326 3000 480 3063 offensione
501 3018 615 3066 notave,
652 3003 832 3058 scribendum
860 3002 941 3055 docet
953 2998 1086 3067 Ἤριννα,

169 3069 313 3151 (probante
329 3072 487 3124 Burmanno
502 3072 537 3124 ad
554 3071 680 3141 Propert.
692 3095 720 3147 p.
734 3075 808 3139 227.)
825 3071 901 3135 idem
924 3087 958 3120 ue
972 3089 986 3119 a
1001 3067 1088 3137 suspi-

166 3134 246 3194 etone
258 3140 334 3195 haud
347 3139 454 3193 alienus
471 3157 526 3205 cst,
551 3140 618 3193 duas
632 3136 863 3205 fuisseErinnas‚
890 3088 1007 3191 aiteram
1023 3139 1088 3215 Sap·
1109 3164 1111 3168 >

165 3210 241 3283 phus¹
252 3208 434 3274 familiarem,
458 3209 591 3274 alteram,
610 3228 701 3280 -quam
718 3210 766 3267 01,
779 3211 854 3268 CVI.
874 3206 1008 3264 claruisse
1028 3205 1085 3256 m-

165 3279 255 3332 sebius
274 3279 305 3331 in
330 3280 471 3333 chronicis
493 3277 672 3333 contendes
709 3281 868 3337 ttauLEs.
913 3273 1085 3348 Opinionem

164 3347 267 3401 ultimo
281 3347 345 3402 loco
356 3349 531 3422 propositam
543 3347 643 3422 probat
661 3367 687 3405 et
699 3347 847 3411 Jacobsius
867 3346 899 3400 in
914 3340 1002 3399 Catal.
1021 3360 1085 3415 poe-

165 3433 254 3470 tarum
272 3419 575 3492 epigrammaticormn.
609 3468 612 3473 ,
700 3482 703 3486 Ι
917 3479 920 3485 ‚
1032 3478 1038 3491 ,

231 3485 263 3540 si
281 3488 436 3552 teneamus,
462 3504 494 3540 ut
515 3485 664 3554 debemus,
694 3488 829 3540 Erinnam
851 3484 977 3556 Sapphus
997 3480 1083 3534 husae

163 3553 320 3628 aequalem,
338 3557 520 3630 Epigramma
535 3577 550 3608 a
572 3557 663 3611 Plinio
681 3559 716 3610 Η.
732 3558 770 3610 Ν.
785 3557 922 3615 XXXIV..
937 3563 962 3620 8·
980 3565 1006 3617 5·
1025 3552 1080 3621 (19-

163 3629 203 3692 5.)
222 3643 409 3680 memoratum
421 3625 470 3682 vel
484 3644 518 3679 su
534 3626 664 3704 positum
677 3626 717 3691 ei,
744 3625 790 3680 vel
806 3623 839 3677 ab
854 3621 908 3676 alia
923 3621 1078 3699 Erinnaju,

160 3693 240 3748 uiore
255 3694 410 3767 profectum
433 3714 492 3749 esse
513 3645 603 3749 debet.
642 3698 819 3768 Myronem,
845 3691 941 3766 inquit
963 3687 1081 3768 Phnuts-

158 3762 259 3832 fecisse
274 3775 301 3814 ct
316 3765 424 3817 cicadae
438 3777 641 3819 monumentum
653 3787 686 3818 ac
702 3766 824 3818 locustae
842 3759 1007 3821 carminibus
1025 3775 1081 3808 sins

164 3833 275 3885 Erinna
307 3830 463 3904 siguificat.=
512 3836 600 3908 Atqui
632 3839 738 3908 Myro,
782 3851 867 3906 quem
894 3829 1001 3887 Plinius
1032 3824 1078 3879 01.

160 3896 346 3966 Lxxxvu,
369 3905 495 3976 Heynius
510 3908 637 3976 (Artium
657 3908 730 3958 inter
748 3902 801 3960 Gr.
822 3915 904 3975 temp.
923 3899 954 3952 in
977 3897 1077 3966 Opust.
