2558 4500
142 301 183 388 ol
228 246 243 260 Ι·

139 475 308 546 Nimirum
320 470 400 539 εἶναι
412 468 611 558 cogitatione
624 473 850 561 supplendum
863 484 925 542 eat.
955 475 1062 563 Cujus
1074 501 1131 566 ge-

141 581 233 645 neris
262 576 457 661 exemplum
485 595 530 638 ex
557 575 697 640 Platone
717 576 862 665 protulit
887 578 1069 651 Heindorf.
1091 581 1132 649 ad

142 682 244 766 Gorg.
267 702 301 765 p.
320 676 371 761 98.
394 677 422 760 ς.
436 677 486 762 69.
514 677 730 765 etparticipii
747 681 811 746 hac
823 680 956 747 ratione
971 702 1053 748 cum
1069 682 1139 751 iot-‘⁹

137 812 188 851 aaa
205 778 356 868 copulati
371 776 449 841 bina
464 778 620 862 exempla
627 779 788 847 Matthiae
802 782 862 850 Gr.
872 782 935 849 Gr.
950 805 986 872 p.
997 781 1071 872 796.
1088 805 1131 850 ex

139 880 285 952 Platonis
312 879 447 966 Cratylo
470 890 504 943 et
523 879 767 971 Aristoplrane3
810 902 958 971 quorum
982 885 1129 952 alterum

136 983 346 1055 Platonicum
368 981 515 1047 Platonis
536 980 645 1048 editor
675 984 884 1054 doctissimus
912 974 1131 1076 nequaquam

136 1089 218 1155 satis
234 1095 363 1151 certum
377 1081 502 1149 habere
516 1081 653 1165 ridetur
672 1087 715 1153 ad
726 1087 856 1177 Cratyl·
879 1090 907 1175 ς.
927 1111 979 1175 77.
1004 1110 1039 1177 p.
1060 1108 1128 1174 1¹9·

39 1215 42 1222 ·
136 1189 358 1281 Quapropter
378 1207 458 1251 cum
480 1184 577 1249 verbi
596 1192 724 1256 ἐοικέναι
743 1189 944 1274 significatio
973 1191 1129 1257 dativum
1161 1224 1164 1233 ·

132 1291 271 1383 proprie
283 1299 417 1378 poscat,
439 1286 607 1374 paucique
621 1291 684 1356 loci
699 1293 951 1359 nominativum
968 1289 1128 1375 referant,

132 1398 198 1462 hoc
211 1390 371 1478 loquendi
388 1410 494 1474 genus
508 1388 594 1453 mihi
608 1391 719 1458 adhuc
737 1404 787 1460 est
800 1405 1009 1483 suspectum.

147 1509 150 1513 ’
198 1497 290 1578 »περὶ
311 1489 389 1557 αὐτοὶ
409 1487 517 1570 λήθην.
539 1488 609 1560 NC·
631 1490 726 1563 CCC.¹
749 1496 824 1565 Vet.
844 1490 993 1584 interpr·
1013 1494 1127 1585 Argy-

36 1634 38 1639 ·
131 1599 246 1686 ropyl.
265 1591 371 1672 αὐτάς.
414 1593 492 1658 Non
514 1594 717 1662 mutandum
739 1610 789 1663 est
811 1597 908 1680 αυίἆ,
932 1588 1127 1686 quanquam

129 1703 173 1770 ad
187 1702 338 1783 ἐνεργείας
351 1696 417 1764 κατ’
430 1695 540 1786 ιῖρετήν
554 1695 598 1760 sit
612 1695 841 1799 referpndum.
864 1698 918 1767 Sic
932 1701 1026 1766 enim
1037 1701 1126 1790 opti-

130 1806 180 1872 mi
201 1803 325 1890 quique
345 1797 605 1886 pronominibus
627 1811 772 1868 utuntur
793 1801 831 1866 in
848 1824 974 1889 genere
993 1815 1126 1885 neutro,

129 1908 172 1974 ad
180 1903 392 1970 substantiva
400 1899 581 1965 masculini
588 1897 811 1970 autfeminini
824 1906 958 1992 generis
972 1906 1125 1975 referen-

130 2010 201 2088 dis,
230 2004 407 2072 notionem
424 1999 632 2068 substantivi
654 2004 863 2091 significandi
884 2009 927 2075 ad
950 2009 1125 2079 notionem

127 2113 180 2178 rei
200 2111 428 2194 cujuscunque
447 2104 648 2175 revocantes.
711 2107 751 2174 V.
779 2105 952 2174 Heindorf.
974 2111 1018 2176 ad
1041 2112 1122 2177 Plat.

1 2231 23 2244 “·
128 2214 298 2283 Phaedon.
320 2209 349 2295 5
365 2202 417 2274 34.Ι
440 2227 475 2294 p.
496 2205 565 2295 ¹39·
589 2207 632 2273 ad
658 2206 873 2294 eundemque
893 2212 1009 2278 locum
1024 2210 1124 2300 wyt-

120 2316 282 2405 ¹tcnbach.
295 2335 329 2399 p.
348 2308 419 2376 255.
451 2307 671 2398 Quapropter
682 2310 719 2376 in
732 2311 903 2379 consimili
917 2313 995 2381 loco
1010 2292 1123 2380 Tlreo-

124 2423 252 2510 phrast.
274 2414 366 2480 char.
382 2410 521 2479 XXVII.
541 2412 615 2476 init.
637 2415 755 2495 ταῦτα,
792 2436 871 2479 cum
892 2413 1123 2502 intelligantur

127 2523 241 2607 ῥήσεις,
257 2539 329 2580 non
341 2526 413 2580 erat
428 2513 630 2579 mutandum
645 2517 683 2580 iu
698 2513 822 2594 ταύτας,
845 2516 937 2601 quod
953 2514 1124 2583 nonnullis

123 2624 165 2693 V.
180 2623 221 2688 V.
237 2621 280 2685 D.
297 2611 339 2680 D.
355 2606 492 2702 placuit.
536 2613 590 2682 sic
613 2616 703 2703 apud
721 2614 983 2684 nostrum‘infra
996 2619 1051 2684 ΙΙΙ.
1072 2614 1122 2681 15.

122 2748 157 2814 p.
180 2720 232 2788 54.
263 2721 300 2785 Β.
335 2716 408 2795 ἠδὲ
437 2713 560 2795 viduari
587 2716 676 2784 ου’δὲι
702 2721 836 2786 τοιοῦτον
857 2709 968 2786 ποιεῖ’.
1070 2722 1122 2784 aul

122 2825 181 2916 yuip
208 2819 379 2900 ἐθισθῆναι
406 2821 482 2906 ῥᾷον
508 2817 588 2904 ruptio
615 2848 635 2885 α
650 2817 672 2886 v’
684 2818 736 2886 roi
762 2821 798 2886 h.
823 2844 850 2887 e.
873 2818 994 2901 ἡδονήν.
1022 2818 1120 2886 Polit.

121 2931 194 3000 VII.
214 2923 262 2992 15.
274 2946 309 3010 p.
325 2919 397 3008 589.
417 2920 455 2986 C·
479 2923 528 2987 dai
544 2925 598 2988 aul
618 2928 821 3010 χορηγίας
841 2923 923 3000 tardo
942 2921 980 2990 ao*
995 2923 1121 3013 ζῇιιια·

120 3032 197 3109 λῶς,
240 3023 383 3095 τούτου
411 3027 445 3092 δὲ
472 3021 628 3100 ἐλάττονος
654 3031 709 3109 μὲν
729 3029 794 3102 τοῖς
814 3028 942 3111 ἄμεινον
964 3022 1120 3108 diunensi·

119 3160 197 3212 νοις,
232 3132 373 3204 πλείονος
393 3131 426 3194 δι’
448 3129 511 3205 τοῖς
530 3130 641 3213 χεῖρον.
695 3127 871 3196 Pertinent
891 3141 1008 3195 autem
1029 3126 1119 3211 ejus·

119 3233 211 3305 modi
226 3253 408 3321 generum,
433 3252 676 3310 numerorum,
706 3231 954 3299 vocabulorum
972 3229 1062 3294 inter
1080 3247 1119 3290 se

117 3335 386 3428 permutationes
411 3332 549 3398 omnino
571 3332 671 3399 adid
692 3353 797 3419 genus
811 3328 991 3419 loquendi,
1012 3327 1117 3413 siquis

117 3463 255 3508 sensum
271 3435 376 3524 magis
390 3444 550 3520 sequatur
564 3433 767 3514 verborum,
799 3458 903 3521 quam
914 3429 1117 3521 grammati-

118 3566 192 3609 cam
206 3541 384 3616 rationem,
406 3535 498 3623 quod
516 3559 595 3602 cum
608 3536 646 3601 in
662 3536 755 3601 hunc
771 3536 975 3626 scriptorem
987 3533 1027 3599 in
1039 3530 1117 3621 pri-

115 3644 181 3714 mia
196 3645 303 3719 cadat,
325 3641 451 3727 aliquot
464 3639 567 3724 hujus
581 3659 662 3704 usus
679 3640 836 3727 exempla
850 3658 1023 3724 promere,
1043 3656 1114 3701 non

100 3749 182 3813 -erit
196 3771 217 3813 a
228 3742 400 3836 proposito
416 3753 532 3807 nostro
547 3741 705 3806 alienum·
741 3742 791 3808 Ac
806 3741 958 3828 primum
972 3738 1112 3826 quidem

115 3847 236 3917 crebro
267 3846 420 3912 variatur
445 3865 625 3925 numerus,
663 3852 701 3908 ut
725 3842 928 3931 singularem
950 3849 1114 3926 sequatur

11 4038 14 4043 Ι
115 3949 272 4041 pluralis,
293 3959 327 4015 et
339 3945 489 4018 vicissim
506 3947 677 4036 pluralem
689 3944 872 4034 singularis·
894 3944 919 4011 Ι.
937 3942 987 4010 ι5.
1003 3965 1039 4035 p.
1055 3958 1108 4009 πο.
