2558 4500
57 1253 199 1368 Facile
211 1302 468 1389 supersedemus
482 1301 619 1369 laudare
630 1303 765 1369 scholae
780 1301 1101 1368 Hemsterhusianae

58 1405 99 1471 in
120 1408 389 1490 literas‘g'saecas
410 1405 547 1484 metita,
566 1428 656 1470 ¹cunt
680 1419 772 1473 tanta
795 1407 940 1488 sint,t1t
961 1396 1125 1471 illorum''

58 1506 286 1597 gl'oriaenihil
300 1507 423 1572 addere
435 1502 603 1596 possimus
618 1521 652 1573 et
667 1531 707 1574 ea
721 1510 879 1594 ignorare
891 1506 1024 1574 homini
1036 1507 1102 1573 ha·

59 1635 138 1678 rum
154 1610 329 1679 litesarnm
344 1611 493 1675 studioso
508 1612 679 1675 maximae
687 1609 892 1695 ignominiae
906 1610 958 1676 sit.
982 1609 1104 1698 Quane

58 1713 88 1779 si
103 1736 235 1778 errores
250 1710 426 1799 quosdam,¹
445 1713 630 1799 innuosin
644 1713 882 1802 investigandis
895 1734 1016 1778 vocum
1031 1707 1105 1774 ori-

57 1815 191 1902 ginibus
211 1815 312 1898 hujus
332 1815 465 1880 scholae
487 1814 667 1902 discipulos
692 1817 845 1881 doctrina
867 1838 928 1880 sua
948 1808 1124 1879 inductos'¹

59 1941 130 1985 esse
147 1929 318 2006 putamus,
334 1918 514 1982 emendare
529 1928 587 2010 aut
599 1919 735 1983 lacunas
748 1920 885 2007 explere
898 1917 995 1982 nobis
1010 1904 1105 2004 sum'ss
1119 1914 1127 1937 ⁵

59 2024 187 2102 simus,
210 2045 253 2084 ne
267 2021 438 2086 'tantillum
458 2021 591 2106 quidem
608 2020 649 2084 de
663 2022 798 2086 illorum
817 2020 972 2084 laudibus
989 2018 1122 2099 detrass‘

58 2123 190 2192 heiens
205 2145 318 2187 animo
332 2120 405 2185 fuit
450 2124 500 2189 Ea
516 2143 597 2184 veto
612 2145 773 2208 cujusque
787 2144 919 2209 generis
938 2117 1106 2236 cognitio
1114 2152 1133 2216 ι.Ι
1230 2180 1232 2191 ,

58 2228 111 2295 nis
132 2239 254 2291 natura
271 2235 332 2304 eet,
356 2235 394 2287 ut
411 2223 571 2288 ulterioie
587 2224 854 2290 consideratione
870 2223 1003 2308 corrigi,
1029 2243 1106 2286 am·
1110 2222 1112 2227 ’

59 2328 209 2422 phfican
223 2339 256 2392 et
266 2347 468 2419 ptomoven
483 2336 602 2412 queat
632 2322 687 2392 vir
704 2340 816 2393 autem
832 2327 990 2394 honestus
1003 2335 1107 2407 atque
1168 2399 1171 2407 ¹

59 2432 207 2496 bonus
185 2436 294 2529 majos
296 2451 350 2497 em
364 2428 470 2497 animi
461 2428 694 2537 igiluptatem
708 2428 854 2513 sentitsi
865 2429 992 2508 liteiae,
1002 2444 1109 2512 quant

60 2560 89 2601 si
80 2519 219 2598 laudes
232 2554 312 2613 suae
329 2543 504 2648 augentur
547 2532 691 2619 Regulas
708 2526 1118 2630 autem,quasi11inue·⁸

61 2627 238 2721 stigation'e
252 2630 422 2721 otiginum
440 2657 565 2699 vocum
579 2657 777 2722 graecarum
794 2645 828 2699 et
846 2632 1029 2701 latinarum
1050 2651 1108 2692 se·
1112 2716 1115 2721 Α
1194 2656 1200 2665 “

62 2738 132 2803 eu'ti
148 2734 285 2811 enixius,
308 2738 472 2824 prolixius
488 2738 656 2823 explicare
671 2760 739 2802 non
755 2759 840 2824 opus
855 2747 1047 2831 esu-quum
1061 2751 1107 2796 ex
1131 2732 1148 2744 ”

61 2839 441 2920 ᾶιύιῐῑᾶἀῖθι·εἰοιιίὴιιε,.
473 2862 556 2926 quas
585 2840 623 2929 in
648 2841 758 2906 lucem
783 2838 921 2927 prodire
941 2839 1107 2922 jubemus,
1151 2841 1155 2852 “

63 2942 220 3027 cognosci
242 2942 382 3028 possint.
448 2946 558 3016 Pauca
586 2956 719 3013 tantum
738 2940 998 3031 incompendio
1017 2935 1120 3007 dictu.

63 3044 313 3136 praemittenda
336 3068 408 3110 esse
431 3067 617 3113 censemus
1066 3063 1070 3067 ·
1114 3080 1118 3085 -

97 3198 99 3203 ⁴
153 3171 181 3212 ι.
204 3146 320 3220 Multis
334 3146 390 3211 ille
403 3146 570 3234 implicari
591 3148 687 3218 nobis
703 3147 838 3221 videtur
859 3080 1118 3211 difficultatibus

64 3261 180 3345 etque
181 3271 236 3313 en
238 3248 372 3332 oiibus,
395 3250 454 3338 qui
472 3251 615 3335 oiigiues
630 3274 753 3317 vocum
767 3270 968 3340 graeculum
982 3256 1017 3309 et
1028 3240 1142 3308 tati-·

63 3374 186 3419 natum
217 3351 252 3414 in
276 3372 396 3435 graeca
418 3363 549 3419 tontum
578 3352 694 3437 lingua
713 3367 772 3418 aut
793 3351 974 3447 pisecipue
994 3347 1030 3412 in
1052 3344 1136 3410 illa·

64 3452 273 3541 quaetendas
285 3476 356 3517 esse
370 3455 497 3519 statuit.
542 3457 655 3523 Tanta
673 3457 764 3521 enim
786 3469 838 3522 est
850 3449 1031 3520 hominum
1048 3468 1110 3511 00-

64 3577 132 3641 que
155 3554 256 3618 etiam
277 3554 471 3639 linguarum
495 3559 675 3644 permixtio
697 3571 799 3647 atque
821 3552 1040 3632 consociatio,
1068 3557 1110 3612 ut

68 3658 191 3724 exinde
217 3657 316 3723 etiam
332 3655 524 3725 formarum
539 3660 715 3727 affinitates
737 3678 966 3747 sonorumque
989 3651 1116 3722 simili·-

65 3760 200 3825 tudines
214 3759 387 3844 intinguis
402 3764 573 3847 ceteroqui
590 3763 730 3830 diversis
744 3766 966 3849 locorumque
982 3758 1112 3824 disten*

65 3866 270 3935 nasamone
284 3875 546 3946 consequantur
594 3866 772 3952 Quidquid
791 3853 1111 3940 vocabutoiumigi-
1184 3894 1186 3899 ·

67 3978 125 4035 tui·
139 3963 175 4027 in
183 3963 255 4038 hac
278 3964 355 4028 vel
345 3975 408 4029 ista
424 3965 563 4052 regione
578 3980 639 4032 aut
658 3970 793 4056 penitus
806 3970 906 4058 periit
919 3978 978 4031 aut
993 3971 1112 4026 tanto·
1116 4001 1119 4006 -
1176 4051 1193 4061 θ

66 4087 149 4159 pere
165 4077 339 4134 mutatum
359 4078 423 4156 est,
446 4081 485 4136 ut
498 4067 639 4137 inventu
651 4071 792 4141 difficilis
803 4072 846 4139 sit
858 4073 929 4160 ejus
944 4066 1055 4153 cuge,
1076 4055 1114 4124 ld
