2558 4500
153 341 213 392 102

244 1093 273 1138 a.
294 1077 459 1147 Doctrina
474 1084 696 1172 etymologiae
709 1107 781 1153 non
793 1081 893 1150 valde
905 1094 1167 1172 promovetur,
1185 1079 1209 1146 ri

156 1196 278 1243 vocum
297 1182 441 1270 origines
453 1187 565 1263 verbis
579 1187 799 1274 assignamus,
824 1209 911 1273 quae
926 1185 1045 1251 nimio
1063 1182 1209 1250 notionis

157 1281 286 1377 ambitu
302 1288 611 1371 quasisexundant,
623 1290 881 1376 quibusqueres
893 1278 1122 1361 innumeras
1136 1285 1212 1355 ιιι·

158 1403 231 1455 esec
245 1405 411 1479 possunt
435 1394 531 1482 Quid
543 1416 634 1460 emm
651 1404 720 1474 est,
742 1405 781 1458 ut
792 1390 965 1480 exemplis
982 1402 1091 1475 utar,
1127 1388 1212 1480 qued

156 1506 229 1569 non
245 1507 436 1576 moveatur,
457 1509 525 1567 aut
536 1497 697 1571 efferatur
704 1544 726 1578 ,.
722 1507 808 1571 ,ιιιιι
812 1506 903 1597 agat,
926 1504 990 1559 aut
1007 1507 1145 1574 sonet,
1159 1501 1211 1559 ant

142 1586 291 1677 ducent?
314 1592 406 1661 Sicut
419 1598 596 1683 adrerum
612 1599 816 1679 naturalium
818 1583 1072 1683 cognitionem
1091 1617 1211 1684 parum

159 1680 292 1765 confert
300 1699 403 1781 seire,
433 1703 520 1786 quod
544 1701 676 1786 quid
644 1723 700 1764 ιιι
702 1714 735 1766 at
747 1700 815 1776 aut
830 1701 940 1769 vireat
958 1710 1212 1778 semoveatur,

160 1805 219 1858 aut
242 1797 314 1863 vita
337 1809 370 1863 et
383 1815 483 1871 motu
504 1801 701 1869 destitutum
724 1801 771 1865 sit
767 1824 786 1880 ι
807 1802 858 1880 sic
865 1799 936 1876 ad
927 1796 1138 1865 interiorem
1154 1800 1223 1865 do·¹

159 1896 306 1964 cuinam
327 1901 581 1989 etymologicam
612 1902 825 1988 originesque
845 1901 1113 1986 investigandas
1146 1925 1210 1968 non

160 1999 299 2079 sufficit,
321 2027 443 2071 vocem
458 2005 626 2092 assignare
640 2004 733 2082 roci,
754 2026 840 2090 quae
854 2001 998 2070 notione
1012 2004 1125 2071 nimis
1139 2028 1210 2070 am·

160 2103 442 2278 ιιΙιιιιιιιιιιιίιι,

249 2277 279 2343 5.
301 2276 451 2346 Multum
470 2279 607 2366 quidem
630 2276 672 2342 ad
694 2278 829 2365 regulas
856 2255 1103 2367 linguarum
1089 2300 1210 2367 eogno-

162 2379 305 2445 scandas
326 2394 360 2446 et
385 2382 589 2448 ordinandas
615 2379 877 2467 inteiioiemque
898 2380 1060 2475 linguae
1061 2382 1210 2448 Graecae

165 2480 387 2567 cognitionem
402 2473 710 2551 Grammaticorum
726 2480 809 2548 saei
823 2482 986 2562 doctrina,
1010 2504 1125 2568 quae
1120 2506 1210 2548 voces

141 2623 144 2625 Α
164 2605 203 2650 1n
223 2585 407 2699 elementa,
438 2585 558 2671 quibus
579 2587 789 2685 compositae
805 2584 966 2648 videntur
988 2607 1082 2677 esse,
1115 2572 1212 2672 quasi

124 2768 127 2775 .
165 2678 330 2774 primaria
343 2687 446 2801 solvit
459 2692 558 2777 atque
573 2689 738 2756 dissecuit.
774 2684 990 2754 Cavendum
997 2684 1120 2785 tanien
1137 2703 1195 2783 est,

226 2866 329 2937 a)
349 2860 447 2927 nain
470 2861 664 2950 opinionem
683 2863 925 2950 perducamur,
955 2861 1141 2926 elementa
1156 2859 1213 2924 ists

168 2983 270 3027 sensu
283 2962 588 3035 historico'radices
604 2988 689 3046 csse,
712 2962 892 3052 exquibus
909 2962 1081 3036 voeabula·
1092 2964 1213 3028 sensim

168 3065 386 3134 adoleverint.
419 3067 504 3159 Quis
521 3069 621 3145 enim,
638 3078 772 3153 quaeso,
795 3079 900 3150 quum
915 3063 1052 3150 linguae
1064 3089 1216 3132 nascan-

69 3158 76 3183 ³
114 3233 117 3237 ,
169 3177 244 3250 aar,
282 3192 390 3256 neque
414 3192 498 3236 ‘vero
520 3170 733 3262 efficiantur,
772 3167 872 3266 facilc
900 3163 966 3229 sibi
986 3167 1214 3250 persuadebit,

168 3271 361 3400 primaevos
375 3274 529 3360 homines
544 3273 772 3360 accepisseaut
785 3267 950 3335 invenisse
965 3270 1137 3335 vocabula
1148 3267 1216 3358 pri-

169 3376 279 3440 maiia
301 3378 365 3459 ciui,
392 3378 450 3458 ἕω,
480 3381 535 3456 ἴω,
554 3391 635 3457 etc,
661 3387 763 3459 atque
787 3362 1000 3456 temporibus
1024 3371 1215 3440 labentibus

144 3522 148 3534 ι
172 3477 295 3542 exinde
310 3491 390 3543 orta
400 3501 470 3543 esse
490 3479 617 3562 ditm*
597 3505 674 3562 εγω,
698 3483 771 3552 ide,
793 3486 855 3539 etc.
847 3519 876 3555 .‚
899 3483 1016 3559 postca
1038 3495 1125 3538 vero
1145 3469 1216 3536 effi-

173 3593 226 3646 cta
245 3603 314 3645 esse
325 3583 428 3645 verba
442 3586 591 3649 auctiora
605 3579 704 3666 βάβω,
720 3577 817 3665 βάγιι,
832 3579 926 3648 δεδι,
935 3573 1032 3663 ydpc,
1049 3586 1128 3657 etr„
1149 3588 1218 3671 tum

174 3684 318 3770 denique
337 3685 488 3750 maxime
508 3696 605 3750 aneta
627 3697 658 3748 ct
683 3679 866 3770 composita
889 3678 1025 3743 inventa
1041 3692 1116 3741 esse
1131 3690 1170 3742 et·
1184 3678 1217 3741 in

173 3805 274 3848 usum
292 3786 478 3871 prodiisse?
500 3790 571 3873 qnia
593 3786 744 3850 intanta
765 3779 901 3866 originis
923 3778 1123 3865 linguarum
1138 3780 1220 3844 cali·

136 3881 141 3891 ’
174 3883 251 3974 gine
266 3887 412 3951 firmiter
426 3888 629 3952 contendere
644 3882 808 3962 audebit,
819 3879 992 3946 vocabula
1007 3880 1222 3995 simplicissi-

174 3980 696 4086 matemporea'nteoossisseiis,
708 4007 805 4125 quae
822 3984 931 4075 magis
949 3993 1052 4055 aucta
1069 3998 1147 4052 esse
1170 3983 1223 4050 ri·

147 4088 323 4158 dentur?
409 4136 411 4143 -
1073 4112 1078 4125 ·

95 535 107 542 -
152 490 191 559 in
212 496 350 562 rem‘otis
369 496 540 566 interdum
562 500 646 568 locis
660 512 694 566 et
706 465 799 592 apud
815 469 968 588 populos
990 520 1135 587 prorsus
1152 497 1200 563 di·
1252 492 1255 569 !

141 610 272 662 'versos
298 599 534 689 incorruptum
557 605 669 679 adhuc
690 604 813 693 velita
833 602 1035 668 formatum
1054 602 1201 668 invenire

153 695 242 773 licet,
265 713 303 766 ut
318 703 412 788 origo
427 717 485 776 aut
499 708 619 772 saltem
628 706 786 795 cognatio
802 729 873 770 non
890 701 1090 770 difficulter
1105 701 1204 790 agno-

153 800 282 878 δ’θᾶῑΰι,
305 824 411 897 eoque
424 807 566 876 affinitas
586 810 777 896 linguarum
797 819 831 874 et
849 806 1084 886 cohaerentia
1098 806 1205 873 notio·

155 920 242 967 num
255 902 484 976 humanarum
502 923 672 1001 appareat.
