2558 4500
680 207 685 241 Ι

174 283 217 354 50

91 450 95 462 '
178 465 299 533 terent,
310 451 411 520 multi
425 446 1019 534 obtestantur-veterumscriptorum
1033 445 1116 513 loci.
1138 447 1219 514 Con·
1265 514 1268 543 Ι

178 561 307 625 solatur
325 553 501 624 Werferus
515 553 549 617 in
568 551 655 617 Acti.
673 548 801 637 philoll.
819 551 978 621 Monere.
992 549 1029 630 1,
1048 569 1082 613 υ.
1107 570 1141 637 p.
1157 549 1219 638 rip,
1253 604 1268 619 .,

116 710 118 715 ·
180 662 235 726 oui
251 660 338 725 addo
356 681 375 719 e
391 668 506 722 nostro
529 653 739 731 Arianae&
762 651 1014 737 ἀποκριναμένου
1029 649 1057 721 oi
1072 650 1223 736 Ἀριστεί-

179 768 251 835 δου,
273 759 362 841 ἔργου
376 761 503 824 δεῖσθαι
519 748 575 832 τῆυ
589 761 717 833 πίονα-ι
740 752 759 823 i
779 759 921 838 πραχθὲν
942 754 1003 823 otiu
1029 751 1152 825 ἐάσει
1171 755 1225 821 mi·

179 873 229 930 λιν
244 865 478 948 μεταβαλέσθαι
493 855 564 935 τούς
580 846 708 933 πολλους
716 904 728 935 ,,
748 855 846 932 οὕτως
861 881 939 943 ιιι.ι
952 863 1005 936 ia,
1034 855 1099 925 ubi
1115 857 1225 924 Aldine

178 964 248 1032 fert
263 963 369 1030 ἐάσειε.
392 961 547 1025 Eundem
565 955 763 1046 optativum,
786 957 942 1042 quamvis
958 956 1128 1027 omnibus
1142 959 1225 1025 codd.

180 1065 314 1145 invitis,
343 1064 489 1127 restituit
509 1060 670 1131 lieiskius,
688 1057 723 1122 in
749 1060 821 1125 Cat.
847 1061 926 1143 maj.
954 1081 1016 1145 ιρι
1034 1059 1110 1128 ,τόν
1141 1065 1226 1144 δῆμον

121 1206 126 1213 ·
183 1171 264 1256 o'poir
279 1165 335 1244 triv
351 1163 441 1233 πόλιν
456 1167 549 1244 ὅλην
569 1165 791 1246 ὅπηρἐψιιι
816 1162 948 1246 ὁρμαῖς,
969 1169 1029 1248 βίᾳ
1047 1165 1228 1250 συνεφελκό-

182 1299 290 1358 paon
314 1268 374 1333 ubi
389 1267 470 1353 vui
452 1288 491 1329 σο
507 1277 556 1329 est
562 1268 682 1350 ῥεψει
703 1262 839 1327 Conier.
858 1262 1013 1350 denique
1018 1266 1114 1331 Pras.
1132 1268 1226 1356 Gorg.

181 1399 216 1465 p.
233 1373 307 1448 482,
323 1372 356 1441 d.
378 1393 412 1458 p.
403 1389 489 1454 ·¹19
505 1366 629 1431 Heind.
644 1363 759 1450 ibique
776 1375 937 1430 annotata
951 1377 986 1431 et
973 1367 1078 1519 Art.
1096 1371 1142 1436 ad
1155 1371 1227 1439 Plsr.

108 1487 110 1491 “
183 1477 282 1544 Polis.
300 1493 334 1562 p
351 1469 425 1558 479
1219 1520 1223 1527 .

269 1605 321 1645 και
312 1573 493 1661 βασιλέως
513 1563 729 1662 φυγόντος]
752 1567 835 1636 cod.
851 1566 920 1634 Pal.
912 1534 1169 1656 maironem

173 1676 178 1693 “
269 1677 567 1802 ουίιοῖυέξιῦρει
590 1672 754 1760 ἑτέραν]
785 1671 869 1738 Cod.
892 1673 963 1739 Pal.
990 1675 1088 1743 ets.
1115 1676 1190 1745 G.
1180 1700 1227 1744 ιιι·

184 1806 284 1851 verso
301 1779 474 1844 ordinet‘
458 1781 562 1861 ετὲραυ
576 1779 705 1861 ἐξεῦρεν.

268 1879 306 1951 το“
326 1883 483 1965 συμφέρον
496 1874 552 1945 ουίι
567 1906 586 1957 η
594 1872 664 1962 yvo‘
670 1908 688 1958 η
698 1877 783 1963 σου]
807 1876 888 1942 Cod.
901 1876 971 1943 Pal.
986 1878 1152 1964 ἠγνόηκεν.

270 1977 289 2050 o‘
311 1981 343 2050 δ’
364 1983 471 2068 αὐτῷ
498 1980 661 2066 μέλειν]
698 1981 783 2050 cod.
805 1975 874 2047 Pal.
894 1982 913 2048 ὁ
935 1986 969 2050 δὲ
987 1981 1082 2071 αὐτῷ
1104 1989 1224 2068 μέλλειν.

184 2089 279 2158 Idem
294 2108 377 2152 mox
390 2084 516 2152 omittit
529 2089 601 2164 ἔξει.

603 2321 712 2390 CAP.
747 2319 812 2386 IX.

266 2476 313 2546 Ὦ
328 2474 364 2546 ri
380 2476 544 2546 κάλλιστοι
564 2481 598 2544 ἓν
614 2474 753 2564 Πέρσαις
773 2475 871 2559 ὄνομα
893 2469 998 2564 Κύρου
1016 2474 1228 2566 zaratoni-

187 2610 281 2654 νων,
304 2579 469 2647 ἀδικώτατε
491 2578 634 2666 ἀνδρῶν]
657 2578 765 2644 Usum
786 2576 882 2643 verbi
901 2579 1147 2666 καταισχύνειν,
1167 2601 1229 2666 quo

187 2696 237 2749 est
259 2704 326 2748 noa
346 2682 457 2754 raeti,
490 2680 700 2746 dedecorare
726 2681 868 2746 laudem
889 2684 943 2748 vei
960 2684 1155 2772 propriam
1180 2681 1230 2750 vel

188 2796 380 2875 acceptam,
397 2783 515 2847 multis
532 2782 612 2847 locis
634 2793 669 2845 et
695 2781 839 2847 aliorum
855 2783 1116 2872 scriptorumet
1129 2784 1231 2851 nostri

185 2889 398 2978 potissimum
425 2881 560 2974 operuit
589 2883 872 2971 Wyttenbachius
893 2886 936 2951 ed
950 2887 1052 2968 ΙΡΙιιι.
1066 2887 1230 2969 ΜοιαΗι

184 3013 221 3082 p.
239 2990 313 3059 608.
337 2988 423 3056 Add.
439 2987 558 3076 Pyrrh.
582 3008 610 3055 ο.
624 2984 674 3052 54.
697 2986 862 3053 Alexand.
879 2987 919 3052 50
933 2989 1022 3053 med.

271 3109 380 3177 Habet
401 3118 517 3172 autem
543 3105 627 3171 haeo
647 3104 830 3191 Artagersis
855 3107 891 3172 in
908 3107 1037 3195 Cyrum
1061 3108 1152 3176 facta
1170 3107 1232 3187 ob·

184 3210 331 3305 juggatio
348 3232 417 3274 non
431 3209 544 3276 minus
563 3231 603 3272 eo
622 3207 705 3286 vim,
726 3207 814 3294 quod
826 3211 937 3298 Cyme
952 3212 1008 3276 hio
1023 3211 1140 3277 minor
1153 3223 1232 3277 netu

187 3337 207 3379 a
233 3312 321 3401 Cyro
346 3311 422 3391 illo,
445 3308 615 3374 conditore
634 3309 730 3396 regni
756 3311 901 3391 Persici,
932 3313 1046 3399 (quod
1069 3312 1128 3378 hio
1147 3315 1230 3379 alter

187 3412 314 3503 Cyrus,
349 3414 464 3482 minor
486 3424 584 3494 natu,
610 3435 701 3478 nunc
725 3412 898 3479 destruere
918 3413 1110 3502 videretur)
1132 3417 1233 3505 plane

188 3506 409 3603 degenerarit,
425 3537 525 3603 qnam
541 3513 632 3600 quod
647 3513 719 3602 ipse
733 3537 858 3580 nomen
872 3516 960 3600 solis,
976 3519 1132 3606 supremi
1147 3519 1231 3585 Per·

187 3636 301 3683 rorum
321 3617 487 3697 numinis,
522 3615 653 3698 ferens,
689 3640 724 3682 se
739 3618 998 3707 tamindignum
1012 3620 1231 3687 hoenomine

101 3742 104 3749 ’
186 3734 276 3784 nunc
291 3718 439 3806 gesserit.
462 3717 560 3788 Nam.
580 3741 657 3784 cum
674 3719 761 3785 inter
773 3721 917 3808 populos
930 3722 1110 3789 orientales
1124 3724 1230 3812 (quod

100 3864 103 3869 -
186 3818 267 3886 inde
286 3821 328 3885 ad
345 3821 426 3886 alios
442 3840 578 3906 quoque
591 3824 818 3908 permanavit)
837 3844 932 3909 reges
949 3824 1115 3912 originem
1131 3839 1231 3914 atque

185 3933 299 4009 ortum
315 3945 334 3987 a
349 3922 410 3987 diis
435 3934 587 4012 repetere
610 3925 757 3990 solerent
775 3937 876 4009 atque
899 3925 1042 3994 deorum
1064 3928 1176 3996 instar
1197 3952 1230 3994 se

183 4023 303 4092 haberi
317 4026 477 4100 vellente
493 4024 653 4109 subditis,
684 4047 748 4113 par
765 4024 869 4094 etiem
885 4040 960 4096 eret
975 4029 1121 4098 deorum
1134 4031 1230 4122 ipso-
