2558 4500
1097 305 1139 373 81

230 471 390 560 ἀγαπητόν
409 472 465 560 μὲν
484 467 543 561 peip
562 473 618 540 ναῖ
637 472 684 539 ἑνὶ
702 467 797 558 μόνῳ.
826 490 870 524 d
911 470 996 542 Ven.
1009 472 1038 540 I.
1058 473 1134 543 Bae.

145 583 200 647 ael
218 585 263 646 ἑνὶ
284 583 336 644 καῖ
355 574 448 661 μόνῳ.
1139 634 1145 646 ,

230 680 277 746 D.
299 680 321 760 ἡ
340 684 398 762 μὲν
418 673 472 747 οὖν
492 678 627 765 μέθοδος
646 672 757 745 τούτων
777 680 894 762 ἐφίεται
920 676 1062 759 murtei
1089 706 1137 758 τις

142 780 233 849 οὖσα.
258 816 297 835 -
340 781 415 847 Vct.
431 780 497 848 Int.
512 776 629 848 τούτου.
671 775 726 842 Sic
737 779 867 868 accipe,
888 780 985 866 quasi
1004 780 1138 851 dictum

116 884 253 953 .·furet:
295 883 318 962 νῖ
337 885 394 965 μὲν
414 879 468 947 οὖν
488 884 621 965 μέθοδος
641 877 759 949 τούτων
778 883 919 965 ἐφιεμένῃ
939 878 1144 965 moderamina
1189 912 1194 923 ·

142 991 221 1053 ἔστί.
284 985 490 1069 Plerumque
511 980 620 1061 enim,
662 979 723 1044 ubi
739 980 775 1044 iu
793 980 939 1047 duorum
952 982 1144 1063 verborum,

144 1109 311 1153 concursu
326 1084 540 1174 participium
555 1082 671 1148 locum
690 1081 809 1160 habet,
836 1079 920 1147 haec
939 1084 1026 1151 ratio
1047 1086 1140 1154 obti-
1232 1144 1236 1149 .

143 1201 224 1266 net,
262 1199 303 1253 ut
324 1210 369 1252 ex
393 1184 567 1252 vernaculi
594 1183 758 1265 sermonis
788 1185 1029 1251 consuetudine
1055 1187 1142 1257 illud

143 1292 310 1374 verbum,
332 1310 399 1377 quo
423 1287 508 1353 actio
529 1287 671 1373 subjecti
692 1282 901 1369 continetur,
927 1285 972 1371 sit
992 1285 1140 1376 finitum,

144 1394 286 1460 alterius
310 1412 415 1470 vero,
453 1391 542 1475 quod
564 1388 707 1454 modum
725 1388 796 1472 ejus
818 1386 959 1453 actionis
981 1388 1144 1478 designat,

143 1496 366 1587 participium
388 1492 547 1567 addatur,
593 1491 653 1557 sed
673 1488 847 1557 interdum
867 1488 986 1564 ordine
1005 1491 1144 1562 inverso

141 1594 232 1661 illud
269 1594 439 1678 verbum,
488 1593 579 1680 quod
612 1592 810 1682 primariam
843 1592 1013 1665 actionem
1053 1596 1145 1664 indi·
1252 1638 1255 1643 -

142 1709 201 1762 cat
206 1746 219 1776 ‚
265 1695 480 1785 participium
502 1694 638 1783 recipit,
677 1714 788 1779 neque
799 1693 910 1759 solum
925 1694 960 1760 in
975 1698 1143 1783 τυγχάνειν,

142 1794 321 1872 λανθάνειν,
345 1795 528 1877 similibus,
550 1796 785 1861 verumetiam
799 1795 838 1861 in
850 1795 925 1863 aliis
938 1800 1144 1884 quibuslibet

141 1895 267 1962 verbis.
312 1897 520 1987 Quanquam
547 1899 578 1964 is
603 1897 739 1985 quidem
765 1899 860 1963 locus
890 1900 1045 1967 nondum
1063 1905 1144 1989 satie

104 2088 109 2095 .
141 2011 298 2067 accurate
320 2023 341 2065 a
361 2001 599 2069 Grammaticis
619 2002 808 2091 explicatus
827 2012 886 2067 est
951 2002 1028 2070 Non
1051 2009 1143 2075 enim

141 2103 245 2191 plane
265 2121 349 2186 vaga
372 2116 406 2168 et
429 2103 560 2170 incerta
583 2102 747 2187 ejusmodi
776 2103 1037 2191 participiorum
1060 2128 1145 2196 per-,

141 2204 287 2269 mutatio
312 2202 456 2269 videtur.
507 2202 575 2271 Sed
598 2225 631 2265 v.
653 2202 830 2269 Heindorf.
851 2204 894 2269 ad
918 2203 1026 2293 Gorg.¹
1043 2212 1071 2295 ς.
1089 2211 1145 2281 86.

141 2305 236 2372 Reiz.
256 2318 407 2394 excerpt.
433 2327 473 2371 ex
501 2305 639 2372 Aristot.
664 2301 761 2368 Polit.
784 2325 818 2394 p.
834 2303 886 2371 54.
911 2306 1052 2394 Gregor.
1074 2312 1145 2377 Co·

142 2403 485 2493 mmpffitffi

228 2510 263 2573 ἓν
286 2505 387 2575 ἄπονον
408 2513 470 2583 τοῖς
492 2506 600 2591 λόγοις.
624 2537 667 2554 ·-·
709 2504 758 2590 ἐφ’
785 2504 914 2579 ἑκάστου
938 2512 1043 2598 μόνους
1070 2514 1145 2582 cod.

105 2594 110 2623 ¹
144 2607 272 2675 Victor.
290 2608 374 2674 ven.
398 2607 438 2673 Π.
466 2606 618 2673 Eustrat.
641 2612 674 2675 ἐν
701 2610 780 2677 πᾶσι
809 2607 909 2697 λόγοις
941 2612 1102 2703 Paraphr.

121 2738 125 2743 ·
227 2706 299 2778 τόδὲ
311 2719 390 2775 ante
401 2714 433 2776 ἐν
447 2710 510 2788 τοῖς
525 2714 811 2797 δημιουργουμένοις
825 2715 997 2799 ‚omittunt
1019 2716 1104 2786 ven.
1119 2716 1144 2803 'r'

139 2812 245 2880 Basit.

231 2917 309 2982 oiote
331 2919 421 2984 douai.
443 2914 513 2983 NG.
1052 2976 1057 2985 .

228 3019 268 3085 In
302 3016 385 3102 νόμῳ
414 3019 496 3084 εἶναι
523 3018 648 3087 excidit
670 3018 803 3087 incuria
834 3040 1017 3107 operarum
1038 3019 1145 3106 μόνον.

142 3119 280 3190 Vralisl.
303 3117 388 3206 νόμῳ
411 3118 503 3206 μόνῳ.
1064 3151 1067 3157 ·
1164 3140 1166 3147 ’

139 3290 147 3309 ,
224 3221 264 3289 τό
285 3219 392 3309 dycta?
412 3245 477 3310 pro
499 3219 624 3309 τᾶγοοό
644 3220 733 3293 ven.
746 3220 773 3289 1.
789 3218 865 3289 Bas.

226 3330 327 3412 ἕτερον
347 3329 381 3393 dl
404 3324 443 3393 δι’
463 3325 616 3410 ἀνδρείαν.
640 3360 682 3376 -
725 3324 779 3390 sie
799 3325 901 3391 habet
921 3323 1023 3393 etiam
1045 3323 1145 3395 Basil.
1179 3384 1182 3391 .
1226 3404 1230 3411 ,

140 3424 182 3491 11.
201 3438 235 3489 et
249 3426 423 3513 Zwinger,
446 3430 551 3515 vulgo
566 3427 707 3512 α’νδρίον,
730 3439 893 3515 perpetua
910 3420 1144 3516 perveterum

141 3525 246 3592 libros
262 3526 502 3619 discrepantia,
525 3528 567 3594 de
586 3549 655 3614 qua
673 3527 733 3613 qui
754 3527 1001 3620 disputaverint
1023 3532 1147 3597 lauda-.-

141 3641 196 3696 tos
211 3630 362 3717 reperies
378 3631 420 3696 ad
437 3633 559 3698 Plotin.
572 3629 615 3694 de
628 3630 810 3717 pulcritud.
831 3654 865 3719 p.
884 3629 956 3697 228.

230 3732 324 3824 Pag.
341 3731 372 3798 5.
401 3733 446 3798 Α.
483 3741 557 3818 cept
581 3734 728 3802 τοιούτων
754 3739 807 3801 aut
826 3738 859 3800 ἕν
880 3729 1023 3802 τοιούτων
1042 3730 1146 3816 λόγον·

145 3855 207 3914 aar.
231 3871 275 3887 -
316 3836 492 3920 Loquendi
508 3859 614 3922 genus
631 3835 721 3924 apud
737 3835 951 3901 Aristotelem
975 3832 1065 3899 haud
1086 3834 1145 3897 in-

145 3934 321 4023 frequens:
342 3961 444 4017 „cum
461 3938 502 4007 de
515 3937 570 4015 hia
583 3937 686 4023 rebus
701 3937 922 4029 &aerumnas
947 3958 993 4007 ex
1004 3934 1144 4011 isdem-

191 4055 329 4115 Meletem.
349 4055 392 4121 ΙΙ.
908 4036 938 4108 F
