<?xml version="1.0" encoding="UTF-8"?>
<!DOCTYPE html PUBLIC "-//W3C//DTD XHTML 1.0 Transitional//EN"
    "http://www.w3.org/TR/xhtml1/DTD/xhtml1-transitional.dtd">
<html xmlns="http://www.w3.org/1999/xhtml" xml:lang="en" lang="en">
 <head>
  <title>
</title>
<meta http-equiv="Content-Type" content="text/html;charset=utf-8" />
  <meta name='ocr-system' content='tesseract 3.04.00' />
  <meta name='ocr-capabilities' content='ocr_page ocr_carea ocr_par ocr_line ocrx_word'/>
</head>
<body>
  <div class='ocr_page' id='page_1' title='image "./meletemataedisc00creugoog_0304.png"; bbox 0 0 2558 4500; ppageno 0'>
   <div class='ocr_carea' id='block_1_1' title="bbox 1045 295 1174 386">
    <p class='ocr_par' dir='ltr' id='par_1_1' title="bbox 1045 295 1174 386">
     <span class='ocr_line' id='line_1_1' title="bbox 1045 295 1174 386; baseline -0.008 0"><span class='ocrx_word' id='word_1_1' title='bbox 1045 295 1174 386; x_wconf 17' lang='lat'><strong>&gt;59</strong></span> 
     </span>
    </p>
   </div>
   <div class='ocr_carea' id='block_1_2' title="bbox 114 467 1248 3221">
    <p class='ocr_par' dir='ltr' id='par_1_2' title="bbox 114 467 1248 3221">
     <span class='ocr_line' id='line_1_2' title="bbox 212 467 1219 555; baseline -0.001 -21"><span class='ocrx_word' id='word_1_2' title='bbox 212 467 438 555; x_wconf 16' lang='lat' dir='ltr'><strong>Aclprimum,</strong></span> <span class='ocrx_word' id='word_1_3' title='bbox 455 480 501 555; x_wconf 84' lang='lat' dir='ltr'><strong>ut</strong></span> <span class='ocrx_word' id='word_1_4' title='bbox 514 469 642 545; x_wconf 87' lang='lat' dir='ltr'><strong>adrem</strong></span> <span class='ocrx_word' id='word_1_5' title='bbox 658 467 766 554; x_wconf 84' lang='lat' dir='ltr'><strong>ipsam</strong></span> <span class='ocrx_word' id='word_1_6' title='bbox 781 490 838 534; x_wconf 85' lang='lat' dir='ltr'><strong>me</strong></span> <span class='ocrx_word' id='word_1_7' title='bbox 853 480 1066 547; x_wconf 80' lang='lat' dir='ltr'><strong>convertam,</strong></span> <span class='ocrx_word' id='word_1_8' title='bbox 1089 467 1168 534; x_wconf 89' lang='lat' dir='ltr'><strong>satis</strong></span> <span class='ocrx_word' id='word_1_9' title='bbox 1217 471 1219 477; x_wconf 86' lang='lat'>&#39;</span> 
     </span>
     <span class='ocr_line' id='line_1_3' title="bbox 129 570 1248 661; baseline 0.003 -27"><span class='ocrx_word' id='word_1_10' title='bbox 129 581 261 656; x_wconf 83' lang='lat' dir='ltr'><strong>constat</strong></span> <span class='ocrx_word' id='word_1_11' title='bbox 270 617 283 653; x_wconf 27' lang='grc' dir='ltr'><strong>,Ι</strong></span> <span class='ocrx_word' id='word_1_12' title='bbox 309 570 537 658; x_wconf 86' lang='lat' dir='ltr'><strong>parturientes</strong></span> <span class='ocrx_word' id='word_1_13' title='bbox 553 570 697 661; x_wconf 80' lang='lat' dir='ltr'><strong>feminas</strong></span> <span class='ocrx_word' id='word_1_14' title='bbox 712 572 749 635; x_wconf 91' lang='lat' dir='ltr'><strong>in</strong></span> <span class='ocrx_word' id='word_1_15' title='bbox 762 573 863 637; x_wconf 89' lang='lat' dir='ltr'><strong>lunae</strong></span> <span class='ocrx_word' id='word_1_16' title='bbox 876 597 902 637; x_wconf 84' lang='lat' dir='ltr'><strong>s.</strong></span> <span class='ocrx_word' id='word_1_17' title='bbox 918 573 1045 638; x_wconf 90' lang='lat' dir='ltr'><strong>Dianae</strong></span> <span class='ocrx_word' id='word_1_18' title='bbox 1063 570 1168 636; x_wconf 68' lang='lat' dir='ltr'><strong>tuteli</strong></span> <span class='ocrx_word' id='word_1_19' title='bbox 1185 624 1186 627; x_wconf 63' lang='lat'><strong>,</strong></span> <span class='ocrx_word' id='word_1_20' title='bbox 1225 622 1248 653; x_wconf 28' lang='lat'><strong>¹.</strong></span> 
     </span>
     <span class='ocr_line' id='line_1_4' title="bbox 127 663 1169 764; baseline 0.003 -29"><span class='ocrx_word' id='word_1_21' title='bbox 127 672 324 751; x_wconf 84' lang='lat' dir='ltr'><strong>collocatas,</strong></span> <span class='ocrx_word' id='word_1_22' title='bbox 349 697 491 761; x_wconf 89' lang='lat' dir='ltr'><strong>eamque</strong></span> <span class='ocrx_word' id='word_1_23' title='bbox 509 675 547 739; x_wconf 92' lang='lat' dir='ltr'><strong>in</strong></span> <span class='ocrx_word' id='word_1_24' title='bbox 570 677 641 761; x_wconf 89' lang='lat' dir='ltr'><strong>ipso</strong></span> <span class='ocrx_word' id='word_1_25' title='bbox 667 663 858 764; x_wconf 85' lang='lat' dir='ltr'><strong>discrimine</strong></span> <span class='ocrx_word' id='word_1_26' title='bbox 876 674 1035 740; x_wconf 90' lang='lat' dir='ltr'><strong>advocari</strong></span> <span class='ocrx_word' id='word_1_27' title='bbox 1056 675 1169 739; x_wconf 81' lang='lat' dir='ltr'><strong>solitas</strong></span> 
     </span>
     <span class='ocr_line' id='line_1_5' title="bbox 125 772 1169 863; baseline 0.004 -25"><span class='ocrx_word' id='word_1_28' title='bbox 125 772 327 853; x_wconf 72' lang='lat' dir='ltr'><strong>fuissetvid.</strong></span> <span class='ocrx_word' id='word_1_29' title='bbox 344 778 443 843; x_wconf 90' lang='lat' dir='ltr'><strong>modo</strong></span> <span class='ocrx_word' id='word_1_30' title='bbox 459 777 623 853; x_wconf 82' lang='lat' dir='ltr'><strong>Cicer..de</strong></span> <span class='ocrx_word' id='word_1_31' title='bbox 635 779 710 848; x_wconf 85' lang='lat' dir='ltr'><strong>Nat.</strong></span> <span class='ocrx_word' id='word_1_32' title='bbox 725 777 827 845; x_wconf 87' lang='lat' dir='ltr'><strong>Deor.</strong></span> <span class='ocrx_word' id='word_1_33' title='bbox 843 776 886 857; x_wconf 91' lang='lat' dir='ltr'><strong>ll,</strong></span> <span class='ocrx_word' id='word_1_34' title='bbox 904 798 955 862; x_wconf 75' lang='lat'><strong>27·</strong></span> <span class='ocrx_word' id='word_1_35' title='bbox 968 778 1081 863; x_wconf 88' lang='lat' dir='ltr'>ibique</span> <span class='ocrx_word' id='word_1_36' title='bbox 1094 779 1169 842; x_wconf 87' lang='lat' dir='ltr'><strong>Da-</strong></span> 
     </span>
     <span class='ocr_line' id='line_1_6' title="bbox 123 875 1178 969; baseline -0.001 -27"><span class='ocrx_word' id='word_1_37' title='bbox 123 875 187 944; x_wconf 87' lang='lat' dir='ltr'><strong>vis.</strong></span> <span class='ocrx_word' id='word_1_38' title='bbox 204 890 238 941; x_wconf 87' lang='lat' dir='ltr'><strong>et</strong></span> <span class='ocrx_word' id='word_1_39' title='bbox 253 879 408 945; x_wconf 86' lang='lat' dir='ltr'><strong>Creuzer.</strong></span> <span class='ocrx_word' id='word_1_40' title='bbox 424 905 459 969; x_wconf 90' lang='lat' dir='ltr'><strong>p.</strong></span> <span class='ocrx_word' id='word_1_41' title='bbox 472 880 553 964; x_wconf 79' lang='lat'><strong>517,</strong></span> <span class='ocrx_word' id='word_1_42' title='bbox 576 904 619 945; x_wconf 92' lang='lat' dir='ltr'><strong>ne</strong></span> <span class='ocrx_word' id='word_1_43' title='bbox 633 882 747 968; x_wconf 90' lang='lat' dir='ltr'><strong>plura)</strong></span> <span class='ocrx_word' id='word_1_44' title='bbox 754 904 766 961; x_wconf 82' lang='lat'>3</span> <span class='ocrx_word' id='word_1_45' title='bbox 804 903 890 966; x_wconf 90' lang='lat' dir='ltr'><strong>quae</strong></span> <span class='ocrx_word' id='word_1_46' title='bbox 908 880 1035 945; x_wconf 90' lang='lat' dir='ltr'><strong>summi</strong></span> <span class='ocrx_word' id='word_1_47' title='bbox 1050 878 1178 943; x_wconf 25' lang='lat' dir='ltr'><strong>numi-t</strong></span> 
     </span>
     <span class='ocr_line' id='line_1_7' title="bbox 122 972 1212 1069; baseline 0.001 -24"><span class='ocrx_word' id='word_1_48' title='bbox 122 981 174 1045; x_wconf 89' lang='lat' dir='ltr'><strong>nis</strong></span> <span class='ocrx_word' id='word_1_49' title='bbox 189 1003 271 1045; x_wconf 88' lang='lat' dir='ltr'><strong>cura</strong></span> <span class='ocrx_word' id='word_1_50' title='bbox 287 980 333 1047; x_wconf 90' lang='lat' dir='ltr'><strong>ita</strong></span> <span class='ocrx_word' id='word_1_51' title='bbox 348 983 472 1049; x_wconf 86' lang='lat' dir='ltr'><strong>deinde</strong></span> <span class='ocrx_word' id='word_1_52' title='bbox 489 985 531 1049; x_wconf 90' lang='lat' dir='ltr'><strong>ad</strong></span> <span class='ocrx_word' id='word_1_53' title='bbox 544 996 642 1048; x_wconf 89' lang='lat' dir='ltr'><strong>natos</strong></span> <span class='ocrx_word' id='word_1_54' title='bbox 667 983 756 1069; x_wconf 85' lang='lat' dir='ltr'><strong>ipsos</strong></span> <span class='ocrx_word' id='word_1_55' title='bbox 778 981 958 1069; x_wconf 83' lang='lat' dir='ltr'><strong>pertinuit,</strong></span> <span class='ocrx_word' id='word_1_56' title='bbox 989 993 1027 1045; x_wconf 91' lang='lat' dir='ltr'><strong>ut</strong></span> <span class='ocrx_word' id='word_1_57' title='bbox 1036 983 1169 1066; x_wconf 86' lang='lat' dir='ltr'><strong>justum</strong></span> <span class='ocrx_word' id='word_1_58' title='bbox 1210 972 1212 977; x_wconf 36' lang='lat'><strong><em>¹</em></strong></span> 
     </span>
     <span class='ocr_line' id='line_1_8' title="bbox 121 1081 1168 1172; baseline 0.003 -26"><span class='ocrx_word' id='word_1_59' title='bbox 121 1081 262 1163; x_wconf 78' lang='lat' dir='ltr'><strong>illorum</strong></span> <span class='ocrx_word' id='word_1_60' title='bbox 280 1081 542 1168; x_wconf 87' lang='lat' dir='ltr'><strong>incrementum,</strong></span> <span class='ocrx_word' id='word_1_61' title='bbox 565 1084 782 1172; x_wconf 81' lang='lat' dir='ltr'><strong>corporisque</strong></span> <span class='ocrx_word' id='word_1_62' title='bbox 797 1085 955 1151; x_wconf 85' lang='lat' dir='ltr'><strong>formatio</strong></span> <span class='ocrx_word' id='word_1_63' title='bbox 979 1106 1018 1148; x_wconf 91' lang='lat' dir='ltr'><strong>ac</strong></span> <span class='ocrx_word' id='word_1_64' title='bbox 1040 1082 1168 1149; x_wconf 89' lang='lat' dir='ltr'><strong>virium</strong></span> 
     </span>
     <span class='ocr_line' id='line_1_9' title="bbox 122 1187 1169 1276; baseline -0.002 -26"><span class='ocrx_word' id='word_1_65' title='bbox 122 1187 232 1250; x_wconf 86' lang='lat' dir='ltr'><strong>cultus</strong></span> <span class='ocrx_word' id='word_1_66' title='bbox 253 1200 340 1252; x_wconf 91' lang='lat' dir='ltr'><strong>totus</strong></span> <span class='ocrx_word' id='word_1_67' title='bbox 363 1189 405 1252; x_wconf 89' lang='lat' dir='ltr'><strong>ab</strong></span> <span class='ocrx_word' id='word_1_68' title='bbox 428 1213 466 1254; x_wconf 88' lang='lat' dir='ltr'><strong>ea</strong></span> <span class='ocrx_word' id='word_1_69' title='bbox 490 1201 682 1274; x_wconf 85' lang='lat' dir='ltr'><strong>regeretur,</strong></span> <span class='ocrx_word' id='word_1_70' title='bbox 710 1188 814 1273; x_wconf 87' lang='lat' dir='ltr'><strong>inque</strong></span> <span class='ocrx_word' id='word_1_71' title='bbox 834 1188 936 1273; x_wconf 84' lang='lat' dir='ltr'><strong>ipsius</strong></span> <span class='ocrx_word' id='word_1_72' title='bbox 955 1207 1059 1250; x_wconf 87' lang='lat' dir='ltr'><strong>manu</strong></span> <span class='ocrx_word' id='word_1_73' title='bbox 1081 1194 1169 1276; x_wconf 76' lang='lat' dir='ltr'><strong>esset</strong></span> 
     </span>
     <span class='ocr_line' id='line_1_10' title="bbox 121 1288 1168 1378; baseline -0.002 -26"><span class='ocrx_word' id='word_1_74' title='bbox 121 1289 262 1378; x_wconf 83' lang='lat' dir='ltr'><strong>positus.</strong></span> <span class='ocrx_word' id='word_1_75' title='bbox 306 1292 362 1357; x_wconf 75' lang='lat' dir='ltr'><strong>Ex</strong></span> <span class='ocrx_word' id='word_1_76' title='bbox 379 1314 446 1376; x_wconf 91' lang='lat' dir='ltr'><strong>quo</strong></span> <span class='ocrx_word' id='word_1_77' title='bbox 464 1291 593 1357; x_wconf 84' lang='lat' dir='ltr'><strong>factum</strong></span> <span class='ocrx_word' id='word_1_78' title='bbox 612 1293 679 1371; x_wconf 87' lang='lat' dir='ltr'><strong>est,</strong></span> <span class='ocrx_word' id='word_1_79' title='bbox 708 1300 746 1354; x_wconf 86' lang='lat' dir='ltr'><strong>ut</strong></span> <span class='ocrx_word' id='word_1_80' title='bbox 767 1288 931 1361; x_wconf 84' lang='lat' dir='ltr'><strong>infantes,</strong></span> <span class='ocrx_word' id='word_1_81' title='bbox 959 1289 1060 1372; x_wconf 85' lang='lat' dir='ltr'><strong>hujus</strong></span> <span class='ocrx_word' id='word_1_82' title='bbox 1082 1288 1168 1374; x_wconf 31' lang='lat' dir='ltr'><strong>,deae</strong></span> 
     </span>
     <span class='ocr_line' id='line_1_11' title="bbox 121 1391 1230 1480; baseline -0.002 -27"><span class='ocrx_word' id='word_1_83' title='bbox 121 1412 227 1453; x_wconf 89' lang='lat' dir='ltr'><strong>curae</strong></span> <span class='ocrx_word' id='word_1_84' title='bbox 245 1391 380 1475; x_wconf 82' lang='lat' dir='ltr'>traditi,</span> <span class='ocrx_word' id='word_1_85' title='bbox 416 1395 482 1461; x_wconf 89' lang='lat' dir='ltr'><strong>hoc</strong></span> <span class='ocrx_word' id='word_1_86' title='bbox 504 1396 613 1458; x_wconf 89' lang='lat' dir='ltr'><strong>bullae</strong></span> <span class='ocrx_word' id='word_1_87' title='bbox 632 1393 768 1480; x_wconf 82' lang='lat' dir='ltr'>insigni,</span> <span class='ocrx_word' id='word_1_88' title='bbox 806 1392 1169 1478; x_wconf 75' lang='lat' dir='ltr'><strong>quodinpectorpge-</strong></span> <span class='ocrx_word' id='word_1_89' title='bbox 1228 1401 1230 1406; x_wconf 87' lang='lat'>&#39;</span> 
     </span>
     <span class='ocr_line' id='line_1_12' title="bbox 120 1493 1166 1582; baseline 0.001 -28"><span class='ocrx_word' id='word_1_90' title='bbox 120 1502 268 1571; x_wconf 87' lang='lat' dir='ltr'><strong>starent,</strong></span> <span class='ocrx_word' id='word_1_91' title='bbox 293 1508 507 1578; x_wconf 87' lang='lat' dir='ltr'><strong>ornarentur,</strong></span> <span class='ocrx_word' id='word_1_92' title='bbox 531 1508 568 1558; x_wconf 93' lang='lat' dir='ltr'><strong>ut</strong></span> <span class='ocrx_word' id='word_1_93' title='bbox 585 1496 646 1560; x_wconf 87' lang='lat' dir='ltr'><strong>dea</strong></span> <span class='ocrx_word' id='word_1_94' title='bbox 660 1494 744 1581; x_wconf 87' lang='lat' dir='ltr'><strong>ipsa,</strong></span> <span class='ocrx_word' id='word_1_95' title='bbox 767 1494 863 1580; x_wconf 85' lang='lat' dir='ltr'><strong>quasi</strong></span> <span class='ocrx_word' id='word_1_96' title='bbox 882 1515 1052 1582; x_wconf 85' lang='lat' dir='ltr'><strong>praesens,</strong></span> <span class='ocrx_word' id='word_1_97' title='bbox 1069 1493 1166 1571; x_wconf 89' lang='lat' dir='ltr'><strong>(nam</strong></span> 
     </span>
     <span class='ocr_line' id='line_1_13' title="bbox 120 1576 1192 1685; baseline -0.001 -28"><span class='ocrx_word' id='word_1_98' title='bbox 120 1576 214 1658; x_wconf 77' lang='lat' dir='ltr'><strong>b&#39;ulla</strong></span> <span class='ocrx_word' id='word_1_99' title='bbox 234 1597 380 1682; x_wconf 87' lang='lat' dir='ltr'><strong>speciem</strong></span> <span class='ocrx_word' id='word_1_100' title='bbox 405 1624 430 1668; x_wconf 90' lang='lat' dir='ltr'><strong>s.</strong></span> <span class='ocrx_word' id='word_1_101' title='bbox 457 1599 605 1664; x_wconf 83' lang='lat' dir='ltr'><strong>formam</strong></span> <span class='ocrx_word' id='word_1_102' title='bbox 624 1599 725 1662; x_wconf 87' lang='lat' dir='ltr'><strong>lunae</strong></span> <span class='ocrx_word' id='word_1_103' title='bbox 749 1597 954 1685; x_wconf 72' lang='lat' dir='ltr'><strong>praestabat)</strong></span> <span class='ocrx_word' id='word_1_104' title='bbox 969 1593 1089 1659; x_wconf 81' lang='lat' dir='ltr'><strong>melius</strong></span> <span class='ocrx_word' id='word_1_105' title='bbox 1105 1614 1168 1656; x_wconf 87' lang='lat' dir='ltr'><strong>cu·</strong></span> <span class='ocrx_word' id='word_1_106' title='bbox 1190 1629 1192 1633; x_wconf 55' lang='lat'>&lt;</span> 
     </span>
     <span class='ocr_line' id='line_1_14' title="bbox 120 1695 1165 1788; baseline 0 -27"><span class='ocrx_word' id='word_1_107' title='bbox 120 1719 197 1782; x_wconf 79' lang='lat' dir='ltr'><strong>rare</strong></span> <span class='ocrx_word' id='word_1_108' title='bbox 211 1710 322 1782; x_wconf 87' lang='lat' dir='ltr'><strong>posset</strong></span> <span class='ocrx_word' id='word_1_109' title='bbox 340 1700 447 1786; x_wconf 85' lang='lat' dir='ltr'><strong>ipsos,</strong></span> <span class='ocrx_word' id='word_1_110' title='bbox 479 1700 659 1788; x_wconf 81' lang='lat' dir='ltr'><strong>omniaque</strong></span> <span class='ocrx_word' id='word_1_111' title='bbox 683 1701 769 1766; x_wconf 85' lang='lat' dir='ltr'><strong>mala</strong></span> <span class='ocrx_word' id='word_1_112' title='bbox 793 1699 890 1764; x_wconf 88' lang='lat' dir='ltr'><strong>citius</strong></span> <span class='ocrx_word' id='word_1_113' title='bbox 916 1698 1084 1786; x_wconf 82' lang='lat' dir='ltr'><strong>depellere</strong></span> <span class='ocrx_word' id='word_1_114' title='bbox 1100 1695 1165 1781; x_wconf 74' lang='lat'><strong>²⁴).</strong></span> 
     </span>
     <span class='ocr_line' id='line_1_15' title="bbox 123 1792 1168 1894; baseline 0 -34"><span class='ocrx_word' id='word_1_115' title='bbox 123 1792 282 1885; x_wconf 72' lang='lat' dir='ltr'><strong>Quicum</strong></span> <span class='ocrx_word' id='word_1_116' title='bbox 300 1799 450 1889; x_wconf 78' lang='lat' dir='ltr'><strong>physicis,</strong></span> <span class='ocrx_word' id='word_1_117' title='bbox 484 1815 522 1867; x_wconf 92' lang='lat' dir='ltr'><strong>ut</strong></span> <span class='ocrx_word' id='word_1_118' title='bbox 534 1805 579 1868; x_wconf 87' lang='lat' dir='ltr'><strong>ita</strong></span> <span class='ocrx_word' id='word_1_119' title='bbox 594 1803 714 1883; x_wconf 86' lang='lat' dir='ltr'><strong>dicam,</strong></span> <span class='ocrx_word' id='word_1_120' title='bbox 737 1801 979 1894; x_wconf 72' lang='lat' dir='ltr'><strong>significatione</strong></span> <span class='ocrx_word' id='word_1_121' title='bbox 996 1800 1168 1865; x_wconf 89' lang='lat' dir='ltr'><strong>bullarum</strong></span> 
     </span>
     <span class='ocr_line' id='line_1_16' title="bbox 121 1889 1166 1993; baseline -0.002 -26"><span class='ocrx_word' id='word_1_122' title='bbox 121 1889 262 1967; x_wconf 82' lang='lat' dir='ltr'><strong>alteram</strong></span> <span class='ocrx_word' id='word_1_123' title='bbox 286 1902 387 1967; x_wconf 89' lang='lat' dir='ltr'><strong>simul</strong></span> <span class='ocrx_word' id='word_1_124' title='bbox 410 1906 623 1988; x_wconf 87' lang='lat' dir='ltr'><strong>conjunctam</strong></span> <span class='ocrx_word' id='word_1_125' title='bbox 646 1919 821 1993; x_wconf 86' lang='lat' dir='ltr'><strong>putamus,</strong></span> <span class='ocrx_word' id='word_1_126' title='bbox 866 1927 952 1990; x_wconf 89' lang='lat' dir='ltr'><strong>quae</strong></span> <span class='ocrx_word' id='word_1_127' title='bbox 980 1902 1020 1968; x_wconf 91' lang='lat' dir='ltr'><strong>ad</strong></span> <span class='ocrx_word' id='word_1_128' title='bbox 1053 1922 1166 1965; x_wconf 80' lang='lat' dir='ltr'><strong>mores</strong></span> 
     </span>
     <span class='ocr_line' id='line_1_17' title="bbox 120 2003 1168 2096; baseline 0.007 -33"><span class='ocrx_word' id='word_1_129' title='bbox 120 2023 309 2090; x_wconf 86' lang='lat' dir='ltr'><strong>puerorum</strong></span> <span class='ocrx_word' id='word_1_130' title='bbox 324 2003 519 2071; x_wconf 88' lang='lat' dir='ltr'><strong>formandus</strong></span> <span class='ocrx_word' id='word_1_131' title='bbox 536 2008 724 2096; x_wconf 82' lang='lat' dir='ltr'><strong>spectabat,</strong></span> <span class='ocrx_word' id='word_1_132' title='bbox 745 2030 765 2073; x_wconf 85' lang='lat' dir='ltr'><strong>a</strong></span> <span class='ocrx_word' id='word_1_133' title='bbox 784 2029 932 2091; x_wconf 90' lang='lat' dir='ltr'><strong>quorum</strong></span> <span class='ocrx_word' id='word_1_134' title='bbox 952 2004 1072 2071; x_wconf 88' lang='lat' dir='ltr'><strong>animis</strong></span> <span class='ocrx_word' id='word_1_135' title='bbox 1101 2003 1168 2070; x_wconf 86' lang='lat' dir='ltr'><strong>hoo</strong></span> 
     </span>
     <span class='ocr_line' id='line_1_18' title="bbox 120 2100 1167 2202; baseline -0.001 -31"><span class='ocrx_word' id='word_1_136' title='bbox 120 2100 196 2191; x_wconf 60' lang='lat' dir='ltr'><strong>ipso⁸</strong></span> <span class='ocrx_word' id='word_1_137' title='bbox 206 2103 297 2192; x_wconf 85' lang='lat' dir='ltr'><strong>signo</strong></span> <span class='ocrx_word' id='word_1_138' title='bbox 314 2108 425 2191; x_wconf 83' lang='lat' dir='ltr'><strong>(quasi</strong></span> <span class='ocrx_word' id='word_1_139' title='bbox 440 2109 501 2173; x_wconf 79' lang='lat' dir='ltr'><strong>det</strong></span> <span class='ocrx_word' id='word_1_140' title='bbox 514 2109 588 2202; x_wconf 71' lang='lat' dir='ltr'><strong>ipsit</strong></span> <span class='ocrx_word' id='word_1_141' title='bbox 600 2119 793 2200; x_wconf 86' lang='lat' dir='ltr'><strong>praesente)</strong></span> <span class='ocrx_word' id='word_1_142' title='bbox 808 2109 917 2200; x_wconf 84' lang='lat' dir='ltr'><strong>omnis</strong></span> <span class='ocrx_word' id='word_1_143' title='bbox 931 2108 1068 2172; x_wconf 91' lang='lat' dir='ltr'><strong>humilis</strong></span> <span class='ocrx_word' id='word_1_144' title='bbox 1092 2117 1167 2170; x_wconf 90' lang='lat' dir='ltr'><strong>tur-</strong></span> 
     </span>
     <span class='ocr_line' id='line_1_19' title="bbox 120 2205 1184 2303; baseline 0.002 -34"><span class='ocrx_word' id='word_1_145' title='bbox 120 2207 219 2294; x_wconf 88' lang='lat' dir='ltr'><strong>pisve</strong></span> <span class='ocrx_word' id='word_1_146' title='bbox 237 2207 393 2292; x_wconf 85' lang='lat' dir='ltr'><strong>cogitatio</strong></span> <span class='ocrx_word' id='word_1_147' title='bbox 413 2223 601 2290; x_wconf 81' lang='lat' dir='ltr'><strong>arceretur,</strong></span> <span class='ocrx_word' id='word_1_148' title='bbox 632 2206 756 2297; x_wconf 85' lang='lat' dir='ltr'><strong>quique</strong></span> <span class='ocrx_word' id='word_1_149' title='bbox 770 2211 920 2276; x_wconf 89' lang='lat' dir='ltr'><strong>universi</strong></span> <span class='ocrx_word' id='word_1_150' title='bbox 936 2205 1184 2303; x_wconf 43' lang='lat' dir='ltr'><strong>excitarentur⁵</strong></span> 
     </span>
     <span class='ocr_line' id='line_1_20' title="bbox 121 2308 1193 2401; baseline -0.001 -29"><span class='ocrx_word' id='word_1_151' title='bbox 121 2308 166 2372; x_wconf 89' lang='lat' dir='ltr'><strong>ad</strong></span> <span class='ocrx_word' id='word_1_152' title='bbox 182 2309 343 2373; x_wconf 85' lang='lat' dir='ltr'><strong>tuendam</strong></span> <span class='ocrx_word' id='word_1_153' title='bbox 357 2310 554 2398; x_wconf 84' lang='lat' dir='ltr'><strong>pudicitiam</strong></span> <span class='ocrx_word' id='word_1_154' title='bbox 569 2325 667 2398; x_wconf 86' lang='lat' dir='ltr'><strong>atquc</strong></span> <span class='ocrx_word' id='word_1_155' title='bbox 681 2313 933 2399; x_wconf 80' lang='lat' dir='ltr'><strong>ingenuitatem.</strong></span> <span class='ocrx_word' id='word_1_156' title='bbox 964 2311 1072 2377; x_wconf 87' lang='lat' dir='ltr'><strong>Multa</strong></span> <span class='ocrx_word' id='word_1_157' title='bbox 1088 2332 1167 2372; x_wconf 90' lang='lat' dir='ltr'><strong>cae·</strong></span> <span class='ocrx_word' id='word_1_158' title='bbox 1187 2391 1193 2401; x_wconf 38' lang='grc'><strong><em>,</em></strong></span> 
     </span>
     <span class='ocr_line' id='line_1_21' title="bbox 121 2409 1209 2503; baseline 0.006 -32"><span class='ocrx_word' id='word_1_159' title='bbox 121 2420 255 2489; x_wconf 87' lang='lat' dir='ltr'><strong>terum,</strong></span> <span class='ocrx_word' id='word_1_160' title='bbox 278 2412 367 2476; x_wconf 84' lang='lat' dir='ltr'><strong>lectu</strong></span> <span class='ocrx_word' id='word_1_161' title='bbox 383 2414 572 2496; x_wconf 87' lang='lat' dir='ltr'><strong>utilissima,</strong></span> <span class='ocrx_word' id='word_1_162' title='bbox 594 2413 681 2480; x_wconf 85' lang='lat' dir='ltr'><strong>hanc</strong></span> <span class='ocrx_word' id='word_1_163' title='bbox 700 2414 735 2480; x_wconf 90' lang='lat' dir='ltr'><strong>in</strong></span> <span class='ocrx_word' id='word_1_164' title='bbox 751 2438 824 2481; x_wconf 84' lang='lat' dir='ltr'><strong>rem</strong></span> <span class='ocrx_word' id='word_1_165' title='bbox 841 2409 1166 2503; x_wconf 73' lang='lat' dir='ltr'><strong>disputavitPasserj,</strong></span> <span class='ocrx_word' id='word_1_166' title='bbox 1201 2464 1209 2482; x_wconf 74' lang='lat'><strong>,</strong></span> 
     </span>
     <span class='ocr_line' id='line_1_22' title="bbox 121 2498 1167 2607; baseline 0.002 -33"><span class='ocrx_word' id='word_1_167' title='bbox 121 2507 160 2575; x_wconf 92' lang='lat' dir='ltr'><strong>in</strong></span> <span class='ocrx_word' id='word_1_168' title='bbox 176 2509 403 2599; x_wconf 87' lang='lat' dir='ltr'><strong>disputatione</strong></span> <span class='ocrx_word' id='word_1_169' title='bbox 414 2517 578 2604; x_wconf 84' lang='lat' dir='ltr'><strong>peculiari</strong></span> <span class='ocrx_word' id='word_1_170' title='bbox 593 2517 634 2580; x_wconf 89' lang='lat' dir='ltr'><strong>de</strong></span> <span class='ocrx_word' id='word_1_171' title='bbox 644 2541 756 2607; x_wconf 83' lang='lat' dir='ltr'><strong>puero</strong></span> <span class='ocrx_word' id='word_1_172' title='bbox 769 2518 918 2589; x_wconf 76' lang='lat' dir='ltr'><strong>Etrusco</strong></span> <span class='ocrx_word' id='word_1_173' title='bbox 934 2515 1064 2580; x_wconf 79' lang='lat' dir='ltr'><strong>aheneo</strong></span> <span class='ocrx_word' id='word_1_174' title='bbox 1071 2563 1083 2593; x_wconf 92' lang='lat'><strong>,</strong></span> <span class='ocrx_word' id='word_1_175' title='bbox 1107 2498 1167 2597; x_wconf 71' lang='lat' dir='ltr'><strong>quii</strong></span> 
     </span>
     <span class='ocr_line' id='line_1_23' title="bbox 123 2614 1165 2714; baseline 0 -36"><span class='ocrx_word' id='word_1_176' title='bbox 123 2614 318 2699; x_wconf 85' lang='lat' dir='ltr'><strong>Tarquiniis</strong></span> <span class='ocrx_word' id='word_1_177' title='bbox 336 2638 416 2702; x_wconf 82' lang='lat'>1770</span> <span class='ocrx_word' id='word_1_178' title='bbox 433 2620 559 2688; x_wconf 68' lang='lat' dir='ltr'><strong>eterra</strong></span> <span class='ocrx_word' id='word_1_179' title='bbox 573 2619 725 2701; x_wconf 79' lang='lat' dir='ltr'><strong>effossus,</strong></span> <span class='ocrx_word' id='word_1_180' title='bbox 745 2633 861 2714; x_wconf 90' lang='lat' dir='ltr'><strong>postea</strong></span> <span class='ocrx_word' id='word_1_181' title='bbox 872 2620 1017 2686; x_wconf 86' lang='lat' dir='ltr'><strong>Romam</strong></span> <span class='ocrx_word' id='word_1_182' title='bbox 1038 2629 1086 2682; x_wconf 85' lang='lat' dir='ltr'><strong>est</strong></span> <span class='ocrx_word' id='word_1_183' title='bbox 1102 2615 1165 2679; x_wconf 86' lang='lat' dir='ltr'><strong>de-</strong></span> 
     </span>
     <span class='ocr_line' id='line_1_24' title="bbox 114 2713 1166 2809; baseline 0.001 -30"><span class='ocrx_word' id='word_1_184' title='bbox 114 2716 229 2796; x_wconf 80' lang='lat' dir='ltr'><strong>·latus3</strong></span> <span class='ocrx_word' id='word_1_185' title='bbox 258 2719 294 2783; x_wconf 91' lang='lat' dir='ltr'><strong>in</strong></span> <span class='ocrx_word' id='word_1_186' title='bbox 308 2720 401 2804; x_wconf 87' lang='lat' dir='ltr'><strong>cujus</strong></span> <span class='ocrx_word' id='word_1_187' title='bbox 416 2733 548 2808; x_wconf 87' lang='lat' dir='ltr'><strong>pectore</strong></span> <span class='ocrx_word' id='word_1_188' title='bbox 561 2713 765 2809; x_wconf 85' lang='lat' dir='ltr'><strong>conspicitur</strong></span> <span class='ocrx_word' id='word_1_189' title='bbox 779 2723 890 2787; x_wconf 79' lang='lat' dir='ltr'><strong>bullae</strong></span> <span class='ocrx_word' id='word_1_190' title='bbox 904 2721 1050 2806; x_wconf 82' lang='lat' dir='ltr'><strong>insigne3</strong></span> <span class='ocrx_word' id='word_1_191' title='bbox 1073 2716 1166 2790; x_wconf 87' lang='lat' dir='ltr'><strong>unde</strong></span> 
     </span>
     <span class='ocr_line' id='line_1_25' title="bbox 125 2818 1168 2914; baseline 0.005 -35"><span class='ocrx_word' id='word_1_192' title='bbox 125 2818 243 2884; x_wconf 84' lang='lat' dir='ltr'><strong>varias</strong></span> <span class='ocrx_word' id='word_1_193' title='bbox 261 2821 302 2884; x_wconf 89' lang='lat' dir='ltr'><strong>de</strong></span> <span class='ocrx_word' id='word_1_194' title='bbox 318 2824 430 2887; x_wconf 71' lang='lat' dir='ltr'><strong>statui</strong></span> <span class='ocrx_word' id='word_1_195' title='bbox 443 2823 514 2911; x_wconf 72' lang='lat' dir='ltr'><strong>ipsa</strong></span> <span class='ocrx_word' id='word_1_196' title='bbox 530 2828 739 2909; x_wconf 84' lang='lat' dir='ltr'><strong>conjecturas</strong></span> <span class='ocrx_word' id='word_1_197' title='bbox 751 2835 1002 2914; x_wconf 85' lang='lat' dir='ltr'><strong>proposuerunt</strong></span> <span class='ocrx_word' id='word_1_198' title='bbox 1021 2821 1089 2886; x_wconf 87' lang='lat' dir='ltr'><strong>viri</strong></span> <span class='ocrx_word' id='word_1_199' title='bbox 1101 2821 1168 2884; x_wconf 92' lang='lat' dir='ltr'><strong>do-</strong></span> 
     </span>
     <span class='ocr_line' id='line_1_26' title="bbox 125 2919 1168 3014; baseline 0.006 -30"><span class='ocrx_word' id='word_1_200' title='bbox 125 2919 187 3001; x_wconf 56' lang='lat' dir='ltr'><strong>cti’3</strong></span> <span class='ocrx_word' id='word_1_201' title='bbox 223 2924 303 2988; x_wconf 86' lang='lat' dir='ltr'><strong>vide</strong></span> <span class='ocrx_word' id='word_1_202' title='bbox 326 2926 452 2990; x_wconf 84' lang='lat' dir='ltr'><strong>Passer.</strong></span> <span class='ocrx_word' id='word_1_203' title='bbox 473 2928 498 2992; x_wconf 87' lang='grc'><strong>1.</strong></span> <span class='ocrx_word' id='word_1_204' title='bbox 514 2927 535 2991; x_wconf 89' lang='grc'><strong>1.</strong></span> <span class='ocrx_word' id='word_1_205' title='bbox 558 2927 704 3011; x_wconf 81' lang='lat' dir='ltr'><strong>(Romae</strong></span> <span class='ocrx_word' id='word_1_206' title='bbox 722 2949 814 3012; x_wconf 72' lang='lat'>¹77¹·</span> <span class='ocrx_word' id='word_1_207' title='bbox 836 2927 884 3006; x_wconf 79' lang='lat'><strong>4.)</strong></span> <span class='ocrx_word' id='word_1_208' title='bbox 903 2948 977 3014; x_wconf 86' lang='lat' dir='ltr'><strong>pag.</strong></span> <span class='ocrx_word' id='word_1_209' title='bbox 994 2925 1107 2999; x_wconf 80' lang='lat' dir='ltr'>XXIV</span> <span class='ocrx_word' id='word_1_210' title='bbox 1124 2956 1168 2983; x_wconf 69' lang='lat' dir='ltr'><strong>-v-</strong></span> 
     </span>
     <span class='ocr_line' id='line_1_27' title="bbox 125 3013 1220 3115; baseline -0.003 -23"><span class='ocrx_word' id='word_1_211' title='bbox 125 3023 257 3092; x_wconf 84' lang='lat' dir='ltr'><strong>XXVll.</strong></span> <span class='ocrx_word' id='word_1_212' title='bbox 269 3029 341 3093; x_wconf 90' lang='lat' dir='ltr'><strong>coll.</strong></span> <span class='ocrx_word' id='word_1_213' title='bbox 351 3027 456 3093; x_wconf 88' lang='lat' dir='ltr'><strong>Lanzi</strong></span> <span class='ocrx_word' id='word_1_214' title='bbox 472 3027 591 3115; x_wconf 85' lang='lat' dir='ltr'><strong>Saggio</strong></span> <span class='ocrx_word' id='word_1_215' title='bbox 605 3029 638 3093; x_wconf 88' lang='lat' dir='ltr'><strong>di</strong></span> <span class='ocrx_word' id='word_1_216' title='bbox 654 3029 733 3115; x_wconf 87' lang='lat' dir='ltr'><strong>ling.</strong></span> <span class='ocrx_word' id='word_1_217' title='bbox 748 3030 876 3096; x_wconf 85' lang='lat' dir='ltr'><strong>Etrusc.</strong></span> <span class='ocrx_word' id='word_1_218' title='bbox 890 3029 1036 3094; x_wconf 80' lang='lat' dir='ltr'><strong>Tomll.</strong></span> <span class='ocrx_word' id='word_1_219' title='bbox 1053 3028 1168 3114; x_wconf 80' lang='lat' dir='ltr'><strong>p.52q.</strong></span> <span class='ocrx_word' id='word_1_220' title='bbox 1215 3013 1220 3023; x_wconf 55' lang='lat'><strong>.</strong></span> 
     </span>
     <span class='ocr_line' id='line_1_28' title="bbox 127 3126 1166 3221; baseline 0.009 -32"><span class='ocrx_word' id='word_1_221' title='bbox 127 3137 160 3190; x_wconf 86' lang='lat' dir='ltr'><strong>et</strong></span> <span class='ocrx_word' id='word_1_222' title='bbox 172 3126 236 3190; x_wconf 89' lang='lat' dir='ltr'><strong>tab.</strong></span> <span class='ocrx_word' id='word_1_223' title='bbox 254 3129 311 3196; x_wconf 81' lang='lat' dir='ltr'><strong>XI.</strong></span> <span class='ocrx_word' id='word_1_224' title='bbox 336 3153 410 3197; x_wconf 92' lang='lat' dir='ltr'><strong>nro.</strong></span> <span class='ocrx_word' id='word_1_225' title='bbox 428 3131 459 3195; x_wconf 89' lang='lat'><strong>5.</strong></span> <span class='ocrx_word' id='word_1_226' title='bbox 482 3131 661 3219; x_wconf 86' lang='lat' dir='ltr'><strong>Boettiger.</strong></span> <span class='ocrx_word' id='word_1_227' title='bbox 682 3131 796 3200; x_wconf 85' lang='lat' dir='ltr'><strong>Sabin.</strong></span> <span class='ocrx_word' id='word_1_228' title='bbox 817 3130 884 3196; x_wconf 87' lang='lat' dir='ltr'><strong>tab.</strong></span> <span class='ocrx_word' id='word_1_229' title='bbox 900 3129 960 3196; x_wconf 92' lang='lat' dir='ltr'><strong>lX.</strong></span> <span class='ocrx_word' id='word_1_230' title='bbox 985 3131 1026 3195; x_wconf 89' lang='lat' dir='ltr'><strong>ad</strong></span> <span class='ocrx_word' id='word_1_231' title='bbox 1043 3152 1118 3221; x_wconf 88' lang='lat' dir='ltr'><strong>pag.</strong></span> <span class='ocrx_word' id='word_1_232' title='bbox 1133 3129 1166 3200; x_wconf 89' lang='grc'><strong>5.</strong></span> 
     </span>
    </p>
   </div>
   <div class='ocr_carea' id='block_1_3' title="bbox 129 3291 334 3312">
    <p class='ocr_par' dir='ltr' id='par_1_3' title="bbox 129 3291 334 3312">
     <span class='ocr_line' id='line_1_29' title="bbox 129 3291 334 3312; baseline 0.005 -4"><span class='ocrx_word' id='word_1_233' title='bbox 129 3291 334 3312; x_wconf 44' lang='grc' dir='ltr'>ῃ</span> 
     </span>
    </p>
   </div>
   <div class='ocr_carea' id='block_1_4' title="bbox 162 3387 1172 4152">
    <p class='ocr_par' dir='ltr' id='par_1_4' title="bbox 162 3387 1172 4152">
     <span class='ocr_line' id='line_1_30' title="bbox 162 3387 1170 3528; baseline 0.002 -20"><span class='ocrx_word' id='word_1_234' title='bbox 162 3387 624 3524; x_wconf 54' lang='lat' dir='ltr'><strong>“illl..lllll&#39;tlllftltti</strong></span> <span class='ocrx_word' id='word_1_235' title='bbox 638 3391 840 3528; x_wconf 47' lang='lat' dir='ltr'><strong>‘liulfi</strong></span> <span class='ocrx_word' id='word_1_236' title='bbox 855 3391 1170 3528; x_wconf 55' lang='lat' dir='ltr'><strong>{fitlui&#39;affll‘tll</strong></span> 
     </span>
     <span class='ocr_line' id='line_1_31' title="bbox 197 3521 1169 3600; baseline 0.007 -27"><span class='ocrx_word' id='word_1_237' title='bbox 197 3525 281 3579; x_wconf 88' lang='lat' dir='ltr'><strong>Sicul.</strong></span> <span class='ocrx_word' id='word_1_238' title='bbox 296 3528 331 3587; x_wconf 78' lang='lat' dir='ltr'><strong>V,</strong></span> <span class='ocrx_word' id='word_1_239' title='bbox 347 3530 389 3595; x_wconf 81' lang='lat'><strong>73.</strong></span> <span class='ocrx_word' id='word_1_240' title='bbox 414 3528 491 3582; x_wconf 90' lang='lat' dir='ltr'><strong>Tom.</strong></span> <span class='ocrx_word' id='word_1_241' title='bbox 504 3531 524 3581; x_wconf 92' lang='grc'><strong>1.</strong></span> <span class='ocrx_word' id='word_1_242' title='bbox 545 3549 570 3598; x_wconf 89' lang='lat' dir='ltr'><strong>p.</strong></span> <span class='ocrx_word' id='word_1_243' title='bbox 585 3531 635 3599; x_wconf 80' lang='lat'><strong>389</strong></span> <span class='ocrx_word' id='word_1_244' title='bbox 651 3531 752 3584; x_wconf 72' lang='lat' dir='ltr'><strong>wass:</strong></span> <span class='ocrx_word' id='word_1_245' title='bbox 772 3527 912 3600; x_wconf 70' lang='grc' dir='ltr'><strong>’Ἄρτεμιν</strong></span> <span class='ocrx_word' id='word_1_246' title='bbox 931 3525 959 3581; x_wconf 70' lang='grc' dir='ltr'><strong>δὲ</strong></span> <span class='ocrx_word' id='word_1_247' title='bbox 978 3533 1060 3595; x_wconf 68' lang='lat' dir='ltr'><strong>‹poelt›</strong></span> <span class='ocrx_word' id='word_1_248' title='bbox 1078 3521 1169 3590; x_wconf 55' lang='lat' dir='ltr'><strong>aipein</strong></span> 
     </span>
     <span class='ocr_line' id='line_1_32' title="bbox 196 3591 1169 3668; baseline 0.006 -22"><span class='ocrx_word' id='word_1_249' title='bbox 196 3592 248 3660; x_wconf 62' lang='grc' dir='ltr'><strong>«ἢν</strong></span> <span class='ocrx_word' id='word_1_250' title='bbox 266 3594 321 3648; x_wconf 79' lang='grc' dir='ltr'><strong>τῶν</strong></span> <span class='ocrx_word' id='word_1_251' title='bbox 344 3601 451 3661; x_wconf 70' lang='grc' dir='ltr'>νηπίων</span> <span class='ocrx_word' id='word_1_252' title='bbox 475 3598 596 3653; x_wconf 72' lang='grc' dir='ltr'><em>παιδίων</em></span> <span class='ocrx_word' id='word_1_253' title='bbox 621 3603 778 3668; x_wconf 77' lang='grc' dir='ltr'><strong><em>θεραπείαν</em></strong></span> <span class='ocrx_word' id='word_1_254' title='bbox 797 3606 842 3651; x_wconf 78' lang='grc' dir='ltr'><strong>καὶ</strong></span> <span class='ocrx_word' id='word_1_255' title='bbox 862 3595 964 3666; x_wconf 68' lang='grc' dir='ltr'><strong><em>τρυφάς</em></strong></span> <span class='ocrx_word' id='word_1_256' title='bbox 983 3614 1058 3650; x_wconf 70' lang='grc' dir='ltr'><strong><em>τινας</em></strong></span> <span class='ocrx_word' id='word_1_257' title='bbox 1075 3591 1169 3663; x_wconf 68' lang='lat' dir='ltr'><strong>tietw-</strong></span> 
     </span>
     <span class='ocr_line' id='line_1_33' title="bbox 197 3657 1170 3738; baseline 0.006 -21"><span class='ocrx_word' id='word_1_258' title='bbox 197 3657 293 3723; x_wconf 70' lang='grc' dir='ltr'><strong>ζοῦσασ</strong></span> <span class='ocrx_word' id='word_1_259' title='bbox 311 3662 345 3734; x_wconf 79' lang='grc' dir='ltr'><strong>τῇ</strong></span> <span class='ocrx_word' id='word_1_260' title='bbox 364 3660 441 3732; x_wconf 70' lang='lat' dir='ltr'><strong>pairac</strong></span> <span class='ocrx_word' id='word_1_261' title='bbox 460 3667 514 3721; x_wconf 78' lang='grc' dir='ltr'><strong>τῶν</strong></span> <span class='ocrx_word' id='word_1_262' title='bbox 531 3664 658 3738; x_wconf 72' lang='grc' dir='ltr'><strong>βρεφῶν·</strong></span> <span class='ocrx_word' id='word_1_263' title='bbox 685 3664 733 3738; x_wconf 69' lang='grc' dir='ltr'><strong>ἐφ’</strong></span> <span class='ocrx_word' id='word_1_264' title='bbox 749 3659 781 3734; x_wconf 66' lang='grc' dir='ltr'><strong>ἧς</strong></span> <span class='ocrx_word' id='word_1_265' title='bbox 799 3662 889 3722; x_wconf 66' lang='lat' dir='ltr'><strong>ciriae</strong></span> <span class='ocrx_word' id='word_1_266' title='bbox 906 3673 953 3721; x_wconf 71' lang='lat' dir='ltr'><strong>nol</strong></span> <span class='ocrx_word' id='word_1_267' title='bbox 971 3682 1104 3730; x_wconf 74' lang='grc' dir='ltr'><strong><em>κουροτ</em></strong></span> <span class='ocrx_word' id='word_1_268' title='bbox 1112 3657 1170 3731; x_wconf 65' lang='lat' dir='ltr'><strong>(ssl-</strong></span> 
     </span>
     <span class='ocr_line' id='line_1_34' title="bbox 198 3727 1170 3803; baseline -0.003 -18"><span class='ocrx_word' id='word_1_269' title='bbox 198 3751 263 3798; x_wconf 83' lang='grc' dir='ltr'><strong>φον</strong></span> <span class='ocrx_word' id='word_1_270' title='bbox 281 3727 367 3799; x_wconf 70' lang='lat' dir='ltr'><strong>cirria</strong></span> <span class='ocrx_word' id='word_1_271' title='bbox 385 3728 587 3803; x_wconf 74' lang='grc' dir='ltr'><strong>ὀνομάζεσθαι,</strong></span> <span class='ocrx_word' id='word_1_272' title='bbox 607 3736 652 3786; x_wconf 86' lang='lat' dir='ltr'><strong>uhi</strong></span> <span class='ocrx_word' id='word_1_273' title='bbox 672 3736 774 3793; x_wconf 72' lang='lat' dir='ltr'><strong>erudite</strong></span> <span class='ocrx_word' id='word_1_274' title='bbox 792 3737 919 3787; x_wconf 89' lang='lat' dir='ltr'><strong>nonnulla</strong></span> <span class='ocrx_word' id='word_1_275' title='bbox 937 3733 1040 3786; x_wconf 90' lang='lat' dir='ltr'><strong>monuit</strong></span> <span class='ocrx_word' id='word_1_276' title='bbox 1056 3733 1170 3784; x_wconf 72' lang='lat' dir='ltr'><strong>Wesen-</strong></span> 
     </span>
     <span class='ocr_line' id='line_1_35' title="bbox 196 3801 1172 3870; baseline -0.001 -19"><span class='ocrx_word' id='word_1_277' title='bbox 196 3801 303 3868; x_wconf 85' lang='lat' dir='ltr'><strong>lingins.</strong></span> <span class='ocrx_word' id='word_1_278' title='bbox 338 3801 412 3852; x_wconf 82' lang='lat' dir='ltr'><strong>Adeo</strong></span> <span class='ocrx_word' id='word_1_279' title='bbox 431 3803 550 3870; x_wconf 85' lang='lat' dir='ltr'><strong>pluribus</strong></span> <span class='ocrx_word' id='word_1_280' title='bbox 568 3805 619 3856; x_wconf 80' lang='lat' dir='ltr'><strong>diis</strong></span> <span class='ocrx_word' id='word_1_281' title='bbox 637 3805 768 3859; x_wconf 80' lang='lat' dir='ltr'><strong>deabusve</strong></span> <span class='ocrx_word' id='word_1_282' title='bbox 785 3822 923 3856; x_wconf 89' lang='lat' dir='ltr'><strong>commune</strong></span> <span class='ocrx_word' id='word_1_283' title='bbox 941 3813 997 3855; x_wconf 87' lang='lat' dir='ltr'><strong>erat</strong></span> <span class='ocrx_word' id='word_1_284' title='bbox 1014 3815 1172 3868; x_wconf 73' lang='lat' dir='ltr'><strong>cognomen,</strong></span> 
     </span>
     <span class='ocr_line' id='line_1_36' title="bbox 196 3868 1170 3942; baseline 0 -22"><span class='ocrx_word' id='word_1_285' title='bbox 196 3870 332 3936; x_wconf 78' lang='lat' dir='ltr'><strong>Apollini,</strong></span> <span class='ocrx_word' id='word_1_286' title='bbox 368 3869 457 3936; x_wconf 87' lang='lat' dir='ltr'><strong>(conf.</strong></span> <span class='ocrx_word' id='word_1_287' title='bbox 477 3868 598 3926; x_wconf 75' lang='lat' dir='ltr'><strong>Enitath.</strong></span> <span class='ocrx_word' id='word_1_288' title='bbox 623 3873 655 3922; x_wconf 87' lang='lat' dir='ltr'><strong>ad</strong></span> <span class='ocrx_word' id='word_1_289' title='bbox 674 3874 771 3942; x_wconf 85' lang='lat' dir='ltr'><strong>Odyss.</strong></span> <span class='ocrx_word' id='word_1_290' title='bbox 787 3874 865 3924; x_wconf 79' lang='lat' dir='ltr'><strong>XIX.</strong></span> <span class='ocrx_word' id='word_1_291' title='bbox 889 3891 926 3923; x_wconf 81' lang='lat' dir='ltr'><strong>vs.</strong></span> <span class='ocrx_word' id='word_1_292' title='bbox 942 3873 982 3924; x_wconf 77' lang='lat'><strong>86.</strong></span> <span class='ocrx_word' id='word_1_293' title='bbox 1010 3889 1035 3939; x_wconf 85' lang='lat' dir='ltr'><strong>p.</strong></span> <span class='ocrx_word' id='word_1_294' title='bbox 1050 3871 1115 3928; x_wconf 80' lang='lat'><strong>683,</strong></span> <span class='ocrx_word' id='word_1_295' title='bbox 1135 3870 1170 3919; x_wconf 75' lang='lat'><strong>40</strong></span> 
     </span>
     <span class='ocr_line' id='line_1_37' title="bbox 203 3938 1171 4008; baseline -0.002 -20"><span class='ocrx_word' id='word_1_296' title='bbox 203 3939 304 4008; x_wconf 81' lang='lat' dir='ltr'><strong>Basil.)</strong></span> <span class='ocrx_word' id='word_1_297' title='bbox 324 3938 439 4002; x_wconf 80' lang='lat' dir='ltr'><strong>Veneri,</strong></span> <span class='ocrx_word' id='word_1_298' title='bbox 457 3941 588 4001; x_wconf 84' lang='lat' dir='ltr'><strong>Hecatae,</strong></span> <span class='ocrx_word' id='word_1_299' title='bbox 614 3940 718 4003; x_wconf 78' lang='lat' dir='ltr'><strong>Cereri,</strong></span> <span class='ocrx_word' id='word_1_300' title='bbox 745 3952 773 3992; x_wconf 91' lang='lat' dir='ltr'><strong>ut</strong></span> <span class='ocrx_word' id='word_1_301' title='bbox 791 3941 939 3992; x_wconf 88' lang='lat' dir='ltr'><strong>luculenter</strong></span> <span class='ocrx_word' id='word_1_302' title='bbox 952 3939 1066 3992; x_wconf 82' lang='lat' dir='ltr'><strong>ostendit</strong></span> <span class='ocrx_word' id='word_1_303' title='bbox 1087 3938 1171 4002; x_wconf 85' lang='lat' dir='ltr'><strong>llgen.</strong></span> 
     </span>
     <span class='ocr_line' id='line_1_38' title="bbox 197 4001 1172 4082; baseline -0.002 -24"><span class='ocrx_word' id='word_1_304' title='bbox 197 4007 233 4058; x_wconf 83' lang='lat' dir='ltr'><strong>ad</strong></span> <span class='ocrx_word' id='word_1_305' title='bbox 254 4009 349 4076; x_wconf 83' lang='lat' dir='ltr'><strong>Hymn.</strong></span> <span class='ocrx_word' id='word_1_306' title='bbox 368 4008 474 4063; x_wconf 84' lang='lat' dir='ltr'><strong>Homer.</strong></span> <span class='ocrx_word' id='word_1_307' title='bbox 493 4026 553 4077; x_wconf 76' lang='lat' dir='ltr'><strong>pag.</strong></span> <span class='ocrx_word' id='word_1_308' title='bbox 576 4011 636 4063; x_wconf 74' lang='lat'><strong>605.</strong></span> <span class='ocrx_word' id='word_1_309' title='bbox 671 4008 714 4063; x_wconf 86' lang='lat' dir='ltr'><strong>De</strong></span> <span class='ocrx_word' id='word_1_310' title='bbox 731 4009 829 4062; x_wconf 79' lang='lat' dir='ltr'><strong>Cerere</strong></span> <span class='ocrx_word' id='word_1_311' title='bbox 846 4007 1023 4082; x_wconf 60' lang='grc' dir='ltr'><strong><em>κουροτρόφῳ</em></strong></span> <span class='ocrx_word' id='word_1_312' title='bbox 1046 4001 1172 4063; x_wconf 68' lang='lat' dir='ltr'><strong>quaerut</strong></span> 
     </span>
     <span class='ocr_line' id='line_1_39' title="bbox 201 4073 808 4152; baseline 0.013 -25"><span class='ocrx_word' id='word_1_313' title='bbox 201 4073 346 4130; x_wconf 76' lang='lat' dir='ltr'><strong>Cremerae</strong></span> <span class='ocrx_word' id='word_1_314' title='bbox 363 4076 392 4130; x_wconf 87' lang='lat' dir='ltr'><strong>in</strong></span> <span class='ocrx_word' id='word_1_315' title='bbox 411 4077 527 4148; x_wconf 86' lang='lat' dir='ltr'><strong>Symbol.</strong></span> <span class='ocrx_word' id='word_1_316' title='bbox 548 4077 595 4135; x_wconf 84' lang='lat' dir='ltr'><strong>lv.</strong></span> <span class='ocrx_word' id='word_1_317' title='bbox 613 4096 671 4152; x_wconf 77' lang='lat' dir='ltr'><strong>pag.</strong></span> <span class='ocrx_word' id='word_1_318' title='bbox 687 4080 738 4134; x_wconf 77' lang='lat'><strong>530</strong></span> <span class='ocrx_word' id='word_1_319' title='bbox 752 4095 808 4150; x_wconf 76' lang='lat' dir='ltr'><strong>aeq·</strong></span> 
     </span>
    </p>
   </div>
   <div class='ocr_carea' id='block_1_5' title="bbox 0 0 1284 4500">
    <p class='ocr_par' dir='ltr' id='par_1_5' title="bbox 0 0 1284 4500">
     <span class='ocr_line' id='line_1_40' title="bbox 0 0 1284 4500; baseline 0 0"><span class='ocrx_word' id='word_1_320' title='bbox 0 0 1284 4500; x_wconf 95' lang='lat' dir='ltr'><strong> </strong></span> 
     </span>
    </p>
   </div>
  </div>
 </body>
</html>
