2558 4500
1047 290 1251 365 ,61-

121 470 256 560 plura);
279 479 396 535 nostro
420 462 569 550 ins-loco,
605 465 642 531 in
662 461 939 553 quo·neutiquam
960 461 1159 550 hujusmodi
1255 485 1259 491 ·

114 594 240 637 'sensus
261 573 415 636 obtinere
428 583 552 656 potest,
574 568 827 658 praepositione
848 573 900 635 tat
922 567 1071 649 sublata,
1094 573 1159 636 ἔτί-

120 701 204 762 μησε
219 670 337 755 edidit,
360 675 447 788 qnod
472 673 676 762 posteriores
696 666 857 740 editiones
880 671 1044 756 deinceps·-
1058 692 1160 735 oocu-

108 770 241 868 'pavit
270 781 309 843 ln
330 775 529 869 universum
546 783 639 838 reete
657 798 676 837 a
690 774 827 840 Reisicio
841 766 1061 840 observatum
1069 796 1159 855 esso,

120 877 238 965 negari
253 876 392 961 neqnita
410 890 510 943 recte
514 901 557 942 an
571 879 653 942 item
670 878 894 958 emendatum,
916 874 1161 942 subdubitans-

122 983 204 1047 rim
201 976 379 1064 equidem
408 980 509 1043 Nam
536 983 563 1045 si
594 983 690 1067 quod
714 980 914 1047 vocabuinm
944 979 1057 1045 minus
1076 977 1162 1044 nott

123 1081 365 1170 significatione
381 1103 420 1144 ac
436 1084 567 1166 vulgari
584 1086 745 1164 occurrit,
769 1086 935 1164 ιιιιιΙιιιιιι,
945 1080 1077 1164 credo,
1091 1076 1162 1146 ·ab·'·

124 1201 184 1260 est,
207 1199 246 1249 ut
261 1185 301 1250 ad
319 1185 570 1248 emendandum
588 1188 699 1251 statim
717 1185 958 1269 confugiamus,
980 1186 1162 1270 locu-mque

123 1310 146 1354 e
160 1288 276 1375 quovis
289 1310 407 1360 sensu,
438 1310 536 1372 quem
551 1287 686 1373 quidem
702 1288 807 1352 inesse
824 1285 984 1360 velimus,
1015 1284 1163 1377 retinga-

75 1372 83 1387 Χ
123 1399 213 1470 mus,
237 1392 323 1454 utin
344 1391 438 1454 verbi
456 1403 610 1454 naturam
628 1413 666 1454 ac
678 1392 748 1454 vim
763 1389 983 1474 inquiramus,
1005 1389 1162 1476 indeque,
1204 1428 1208 1441 ι

119 1490 289 1582 qnantum
306 1490 380 1556 fieri
396 1505 505 1579 potest
528 1493 673 1580 optime,
704 1515 781 1559 eam
797 1492 990 1571 notionem,
1012 1512 1108 1580 'quae
1128 1503 1163 1561 et
1258 1564 1259 1569 η

125 1610 202 1686 apta.
217 1596 259 1659 sit
274 1594 332 1658 toti
347 1592 532 1660 sententiae
547 1617 654 1680 neque
669 1592 849 1669 abhorreat
870 1618 890 1658 a
914 1593 1009 1659 verbi
1025 1594 1162 1674 natura,

124 1699 312 1772 eliciamus„
331 1694 430 1780 Quae
448 1697 638 1761 observatio
654 1720 730 1760 cum
746 1693 876 1781 egregie
891 1694 984 1759 hunc
998 1696 1034 1761 in
1050 1697 1169 1773 locum
1235 1741 1243 1761 .

125 1800 238 1870 cadat,
262 1799 297 1862 in'
320 1821 389 1883 qno
413 1800 607 1863 insolentior
627 1798 825 1884 significatus
850 1798 944 1862 verbi
966 1800 1107 1883 ἐπιτιμᾶν
1131 1793 1170 1862 οῖ’

123 1901 296 1971 Reiskium
319 1913 353 1966 et
375 1903 519 1986 reliquos
543 1901 685 1965 editores
706 1901 914 1988 permovisse
934 1902 1085 1981 videtur,
1106 1911 1165 1965 'ut

122 2008 226 2095 plane
240 2015 358 2068 contra
371 2003 524 2068 omnium
548 2004 852 2066 vetustissimorum
872 2003 1035 2068 librorum
1062 2002 1166 2068 fidem
1229 2026 1231 2031 ·

126 2108 299 2191 vulgatam
314 2105 495 2169 lectionem
509 2105 784 2187 immutaverint,
806 2106 994 2192 periculum
1010 2105 1093 2170 mihi
1110 2102 1166 2173 fa-

128 2193 292 2272 ciundum
306 2205 407 2285 duxi,
438 2228 553 2299 annon
568 2205 665 2271 lectio
678 2209 828 2291 vulgata,
857 2208 1028 2288 omnibns,
1057 2209 1166 2294 iisque

127 2307 367 2392 antiquissimis
390 2305 580 2388 codicibus,
616 2310 671 2388 (v.
684 2330 713 2392 g.
731 2313 884 2387 nostro,)
907 2308 1003 2389 nixa,
1038 2311 1167 2375 servari

127 2421 262 2500 posset,
283 2423 523 2495 neque-tamen
540 2409 630 2474 mala
649 2409 805 2475 evaderet
818 2412 994 2475 sententia.
1101 2411 1104 2417 ’

217 2513 338 2596 Τιμᾷν,
358 2534 461 2598 aquo
484 2535 554 2576 una
576 2534 654 2576 cum
676 2484 921 2599 praepositione
943 2518 994 2580 ἐπὶ
1015 2514 1167 2582 nascitur

88 2634 91 2639 ’
128 2618 291 2700 ἐπιτιμᾷν,
321 2612 950 2727 originemtrahitasubstantivovann
971 2615 1066 2697 (ie
1082 2640 1167 2705 prc-

130 2720 232 2796 tium,
250 2718 461 2798 aestimatio)
484 2739 523 2781 ac
537 2715 673 2802 proprie
688 2725 799 2780 notat·
823 2717 960 2805 aliquid
971 2721 1083 2806 pretio
1110 2721 1168 2786 di

127 2825 239 2912 gnum
255 2818 458 2895 heberaei
420 2819 571 2905 aieujus
584 2818 792 2897 aestimare3
814 2818 934 2883 deinde
951 2824 1109 2887 translate
1123 2824 1168 2888 ad

130 2922 301 2990 homiues:
324 2921 491 2991 honorare
509 2920 674 3006 aliquem.
709 2919 835 3000 *Addita
847 2922 1096 3009 praepositione
1113 2930 1168 2992 ἐπὶ

130 3023 286 3112 potestati
302 3020 460 3106 simplicis
475 3021 569 3086 verbi
583 3021 710 3108 aliquid
725 3022 871 3120 additur,
894 3045 1000 3108 eaque
1013 3039 1170 3112 augetur;

131 3127 218 3203 (vide
239 3123 339 3188 modo
362 3121 475 3209 Vigor⁸¹
498 3123 539 3187 de
560 3123 651 3187 idiot
674 3146 708 3211 p.
725 3121 854 3196 628‚1›.
875 3147 949 3190 nro.
966 3125 998 3191 4.
1027 3127 1168 3197 Catti'er.

131 3227 319 3314 Gazophyl.
332 3248 364 3311 p.
381 3222 433 3290 84.
457 3246 529 3288 nro.
546 3222 600 3305 5.)
618 3235 657 3288 ut
671 3224 729 3288 sit:
752 3227 883 3314 majori
899 3227 1044 3316 olz'qnid-
1046 3231 1167 3318 pretio

79 3366 85 3379 ·
132 3329 278 3415 dignum
291 3325 522 3405 existimare,
525 3325 643 3412 pluris
659 3327 863 3401 aestimare,
887 3329 1025 3420 aliquid
1037 3332 1168 3398 addere
1201 3318 1203 3323 Ι

126 3427 265 3518 pretio.-
300 3427 359 3512 qui
379 3426 581 3512 significatus
602 3428 782 3515 praecipue
804 3431 942 3494 saluit
933 3455 970 3498 m
989 3433 1029 3498 iis
1052 3435 1168 3517 rebus,

133 3550 217 3618 quae
233 3528 440 3608 reliduntur,
462 3551 608 3615 quorum
622 3529 769 3615 pretium
785 3553 827 3594 au
828 3544 946 3616 ,‹;·etnr,
964 3536 1167 3613 vernacule.

133 3629 201 3696 den
214 3629 319 3699 Preis
333 3631 503 3720 steigern,
524 3630 666 3712 (consul.
675 3631 1167 3705 Ruhnkcu.adT1mae1Lexrc

131 3735 214 3802 Plat.
233 3757 268 3823 p.
289 3731 378 3808 115).
421 3731 555 3821 Quidni
586 3742 698 3796 autem
727 3731 815 3801 hanc
843 3737 1016 3825 propriam
1037 3761 1076 3803 ac
1093 3720 1169 3828 'pri-
1249 3782 1258 3794 -

103 3846 106 3852 '
131 3834 276 3923 mariam
292 3833 463 3898 notionem
478 3833 575 3899 verbi
589 3836 732 3918 ἐπιτιμᾷν
741 3835 784 3900 ad
797 3835 951 3904 homines
967 3832 1101 3926 quoque
1115 3849 1168 3922 (ut

129 3935 168 4001 in
182 3935 326 4024 simplici
339 3938 432 4022 τιμᾷν
445 3935 577 4022 factum
590 3959 660 4001 esse
674 3936 773 4004 modo
782 3937 953 4020 ¹vidimus)
968 3945 1165 4023 translatam

85 4089 88 4094 .
130 4058 202 4103 esse
224 4036 417 4123 credamus,
449 4039 529 4130 ‚qua
548 4038 639 4111 idem
658 4036 986 4133 verbumsigoificet
1010 4030 1164 4138 insuper,
