2558 4500
356 481 363 507 s
487 452 768 538 lbid.e.LVH.
877 460 879 465 ’

463 587 555 657 (Hutt.
569 586 664 642 TiIX.
679 607 707 662 p.
722 589 797 675 ¹3²2)

220 714 287 798 Teis
309 715 428 809 Πενίαν
448 717 563 783 τέκνων
584 717 730 798 δεομένην
751 717 797 802 τῷ
818 710 916 804 Πόσῳ
944 710 1126 786 καθεύδοντι

108 871 111 878 1
132 821 379 909 παρακλιθῆναι,
416 822 469 887 καὶ
489 811 690 888 κυᾶσαναν
709 825 743 900 ἐξ
763 815 856 888 αὐτοῦ
874 819 973 887 sensio
994 817 1051 887 adv
1065 814 1126 890 ’'E-

133 951 228 1013 ρωτα.
555 992 558 999 ,

216 1040 372 1112 Fortasse
387 1039 495 1105 errori
508 1038 704 1130 typothetae
718 1041 859 1108 debenus
874 1042 957 1109 illud
976 1038 1079 1109 αυᾶσ
1088 1071 1127 1109 α-

132 1173 221 1225 σαν,
242 1144 332 1236 quod
349 1141 448 1208 nihili
472 1153 538 1218 est,
567 1164 630 1231 pro
648 1143 869 1222 κυήσασαν,
905 1166 1017 1231 neque
1031 1155 1128 1209 nota-

130 1271 224 1328 rem,
262 1246 345 1326 uisi,
381 1242 471 1333 quod
491 1242 528 1309 iu
547 1245 721 1333 prooemio
741 1243 990 1329 demonstravi,
1026 1245 1127 1311 etiam

129 1350 169 1427 iu
199 1347 375 1417 Sohaeleri
404 1346 587 1412 editionem
612 1347 832 1415 tersissimam
863 1360 897 1417 et
919 1345 1129 1421 accuratissif

129 1466 221 1520 marn
249 1451 329 1518 talia
356 1469 600 1537 nonnunquam
635 1448 808 1517 transiisse
832 1442 1006 1518 vidissem.
1048 1478 1052 1486 ·

440 1614 568 1687 msa.
611 1643 639 1686 ο.
670 1586 822 1724 ixxxr.

460 1738 559 1806 (Hutt.
572 1737 606 1791 T.
620 1735 670 1793 IX.
682 1758 711 1814 p.
723 1734 804 1808 214.)

218 1873 284 1942 Kal
302 1866 355 1938 ads
374 1864 461 1949 ἥλιον
481 1866 501 1934 o‘
520 1868 681 1952 Πίνδαρος
701 1866 839 1956 ὁρᾶσθαι
859 1868 957 1954 onais
985 1868 1127 1959 ἐρήμης

129 1975 169 2045 ds’
189 1976 327 2063 otochus·
858 2042 862 2053 ,

107 2132 111 2137 ·
133 2108 136 2113 “
214 2096 276 2163 Est
286 2089 423 2159 Pindari
437 2088 535 2156 loeus
547 2090 741 2172 notissimus
756 2093 892 2181 Olymp.
907 2092 932 2158 I.
949 2090 1022 2156 inis
1051 2091 1128 2157 Ex-

17 2250 20 2255 ,
127 2196 250 2265 hibent
264 2194 345 2262 libri
358 2191 550 2258 Plutarohei
563 2189 712 2279 ἐρήμης
731 2215 776 2259 ex
791 2193 932 2261 dialecto
946 2193 1129 2279 communi,

127 2301 203 2367 loco
217 2296 512 2365 formaedorioae.
553 2294 698 2363 Restitui
713 2296 824 2384 potuit
835 2296 918 2361 haec
939 2295 1052 2378 tacite,
1072 2292 1128 2367 vel

86 2410 91 2429 “
126 2402 267 2493 scriptio
286 2400 456 2466 librorum
475 2396 639 2477 retineri3
673 2419 796 2484 purum
815 2394 984 2475 interfuit,
1013 2409 1128 2464 utrum

126 2507 193 2571 hoc
206 2525 251 2568 an
263 2501 346 2566 illud
362 2499 468 2564 fieret.
511 2498 558 2566 At
571 2509 664 2562 certe
679 2498 794 2562 notula
807 2499 947 2563 Hutteni
962 2522 1046 2587 opus
1060 2520 1129 2563 nou

127 2619 201 2673 erat
226 2601 383 2668 dicentis:
418 2600 522 2687 vulgo
537 2599 611 2686 *legi
639 2596 729 2687 apud
746 2598 942 2665 ¹Pindarum
970 2599 1128 2687 ἐρήμας.

127 2703 223 2794 Quid
237 2700 302 2767 sibi
318 2697 395 2766 vult
407 2700 496 2764 istud
514 2700 645 2790 vulgo?
681 2700 737 2768 An
760 2700 851 2767 forte
872 2700 1032 2767 meliores
1050 2700 1129 2768 libri

126 2801 300 2874 Pindarici
314 2800 432 2869 aliter?
460 2802 516 2869 An
539 2824 584 2869 ex
597 2801 779 2867 Plutarcho
802 2803 1020 2889 corrigendus
1042 2806 1128 2871 Pin-

126 2904 252 2975 darus?
273 2904 373 2973 Tales
390 2907 523 2972 notulas
542 2903 665 2970 melius
688 2903 853 2969 omisisset
872 2905 928 2971 vir
949 2918 1127 2994 praestan·

124 3010 292 3091 tissimus,
314 3029 400 3093 quae
413 3006 499 3072 nihil
511 3017 655 3096 prosunt
666 3007 798 3094 peritis,
827 3007 1051 3095 imperitoslin
1068 3033 1126 3074 er-

66 3168 74 3175 .
123 3117 241 3181 rorem
256 3111 418 3176 iuducere
439 3100 590 3199 possunt,
633 3109 812 3194 Ejusmodi
832 3113 983 3174 notulam
1004 3109 1127 3200 depre-

124 3214 229 3283 hendi
246 3232 379 3300 quoque
398 3207 442 3276 ad
462 3212 567 3277 vitam
579 3212 717 3279 Aemilii
729 3211 827 3277 Pauli
846 3236 874 3277 o.
888 3212 1045 3279 XXXIX.
1066 3214 1126 3278 ubi

122 3319 165 3385 ad
185 3336 312 3382 nomen
333 3313 477 3382 Ἐλέαν
501 3314 657 3380 adnotat:
688 3312 873 3394 „Aretinus'
895 3311 1042 3380 Veliam
1059 3338 1125 3404 po-

124 3417 233 3501 „suit‚
257 3436 402 3500 eumque
423 3425 560 3479 secutus
585 3427 637 3479 est
657 3413 858 3503 Amyotus.“
910 3417 1020 3505 Quasi
1041 3439 1123 3482 vero

122 3523 189 3587 hoo
211 3515 431 3584 memorabile
453 3515 514 3597 sit,
552 3529 586 3581 et
606 3516 774 3601 singulare
792 3518 971 3606 quiddam!
1016 3517 1124 3607 Quasi

54 3668 57 3675 -
122 3620 225 3687 aliam
247 3618 274 3682 ii
295 3618 364 3684 viri
383 3616 504 3684 urbem
523 3619 772 3703 intellexerint,
803 3644 906 3708 quam
920 3622 1068 3703 Eleum,
1090 3631 1124 3685 et

123 3723 287 3807 Myotus
300 3719 364 3785 nisi
381 3720 521 3786 Aretiuo
536 3718 676 3785 docente
697 3722 752 3786 vel
774 3735 959 3811 praeeunte
977 3720 1122 3791 Veliam

125 3821 303 3903 (aeolicum
317 3822 465 3889 nominis
479 3821 638 3908 formam)
653 3846 780 3911 ponere
792 3849 863 3891 non
876 3826 1048 3914 potuerit!
1071 3827 1122 3891 Εο

125 3923 231 4010 magis
243 3922 398 3992 miranda
412 3936 461 4003 est
479 3923 562 3991 haec
575 3923 841 4012 ammadversio,
863 3925 953 4014 quod
973 3924 1018 3992 ad
1037 3947 1122 3991 ean-
