2558 4500
436 239 440 245 .
627 218 631 225 '
1091 146 1138 219 li
1166 144 1173 155 ¹

114 302 269 400 ‘aaa
290 320 333 385 a
350 295 756 406 missensem
775 310 867 409 qua
885 330 931 382 a
949 294 1154 391 ns'nr's.

140 437 274 528 seriptis
296 435 435 509 ductum
459 457 480 499 a
499 456 557 501 me
577 435 628 500 his
647 434 728 524 ipsis
754 433 959 501 membranis
977 438 1137 525 prodesse

139 556 246 644 indue
260 556 439 623 doctorum
452 554 630 628 hominum
644 553 799 627 notitiam
822 556 1052 624 commendari
1071 557 1134 625 uti

138 675 218 770 litei
231 676 405 742 videretur
423 696 529 765 posse.
714 753 719 767 Ι
1021 679 1025 689 “

225 798 264 862 111
278 781 344 883 quo
357 792 511 860 bifariam
524 789 729 859 admouendi
750 802 829 864 sunt
849 790 969 867 eruditi
980 793 1130 862 lectores.

137 887 294 985 Primum
309 923 376 995 ut,
387 912 478 999 quod
491 911 563 981 aliis
575 910 612 976 in
624 911 727 980 rebus
745 910 855 976 multo
867 913 1131 997 jucundioribus,

138 1033 277 1110 nemine
297 1016 507 1116 refragante,
527 1029 641 1098 locum
661 1016 786 1097 habere
805 1031 907 1096 soleta
937 1029 1047 1098 ΤιάΙιὶ
1066 1029 1131 1099 sud
1192 1012 1200 1018 ⁵

138 1175 301 1242 quemque
314 1149 504 1238 voluptates-
526 1146 675 1232 ejusdem
695 1147 775 1215 dicti
787 1149 931 1231 veniam,
952 1147 989 1215 in
1007 1151 1128 1233 haere,

134 1269 257 1347 laboris
279 1268 446 1352 taediique
457 1264 575 1355 pleni,
604 1265 799 1354 impertiant
821 1264 917 1344 mihi,
959 1267 1129 1335 Nimirum

134 1389 225 1463 utin
240 1386 419 1462 tractandis
433 1382 602 1448 codicibus
623 1406 699 1456 meo
722 1407 777 1449 me
800 1385 1009 1476 potissimum
1030 1385 1129 1473 genio

134 1508 212 1580 duci
225 1505 353 1594 patiar,
375 1525 483 1590 neque
500 1502 669 1581 mirentur
690 1503 726 1568 in
742 1503 871 1572 duobus
894 1526 949 1568 me
964 1503 1129 1592 imprimis

135 1592 306 1699 dodicibus
322 1645 391 1690 esse
406 1633 588 1702 versatum,
608 1619 753 1706 indeque
772 1620 821 1692 nil
841 1619 911 1689 fere
923 1623 986 1689 nisi
998 1624 1126 1712 mytho·
1173 1606 1192 1622 ’
1260 1690 1264 1697 ,

132 1743 315 1835 logumeuo
334 1740 555 1828 depromsisse
576 1751 608 1804 et
629 1761 714 1826 quae
742 1739 919 1815 adrerum
948 1741 1127 1830 scriptores
1185 1824 1187 1829 Ι
1242 1782 1246 1789 ·

129 1861 413 1960 pbilosopbosque
425 1859 625 1948 pertineant,
647 1879 762 1944 eaque,
784 1882 851 1946 quo
874 1859 1028 1925 studiosis
1047 1861 1126 1932 lite-

133 2003 250 2056 rarum
274 1977 490 2058 inservirem,
531 1977 689 2047 uberiore
714 1975 881 2062 aliquanto
909 1977 1129 2049 annotatione

131 2097 335 2166 instruxisse.
378 2097 450 2180 Ego
470 2094 617 2175 vicissim
638 2095 772 2166 nemini,
786 2095 963 2176 invidebo,
991 2097 1017 2161 si
1038 2096 1123 2181 quis,

133 2216 205 2282 aliis
224 2214 324 2279 rebus
351 2211 516 2293 intentus,
559 2204 604 2277 ex
637 2213 755 2281 eodem
785 2236 912 2301 penore
958 2205 1124 2291 librorum

133 2333 444 2419 manuscriptorum
465 2331 521 2396 vel
540 2329 725 2407 illustriora
751 2330 931 2419 protulerit
955 2331 991 2397 in
1013 2333 1124 2399 lucem
1181 2395 1185 2406 ,

132 2449 335 2525 Germaniae
350 2449 401 2515 vel
414 2448 569 2520 uberiora
581 2446 692 2521 etiarn.
756 2423 763 2435 ¹
1182 2428 1191 2437 l

115 2615 120 2620 -
146 2567 151 2577 '
179 2638 183 2671 Ι
212 2567 342 2641 Deinde
352 2564 447 2654 'quod
460 2580 540 2632 rere
551 2589 642 2633 novo
657 2567 769 2636 faeere
783 2569 940 2651 solemus,
953 2571 1018 2635 hos
1030 2569 1121 2636 idem

128 2689 326 2757 faciundum
341 2687 498 2751 mihiest.
542 2687 678 2756 Etenim
696 2710 763 2774 quo
787 2699 943 2775 tempore
959 2688 1120 2762 hibernus
1222 2744 1226 2750 .

129 2811 229 2900 rigor
242 2806 389 2872 vixdum
413 2781 595 2891 relanguit,
631 2817 790 2892 terraque
816 2805 977 2879 diuturno
996 2805 1120 2893 frigore

129 2925 289 2997 adstricta
309 2923 410 2990 flores
426 2923 591 3012 plurimos
610 2923 804 3021 etiamnunc
823 2936 1010 2991 occaecatos
1030 2923 1120 2991 cohi·

130 3047 204 3113 bet:
227 3041 457 3129 tuncquidem
469 3054 503 3107 et
515 3041 609 3108 bellis
627 3044 738 3130 placet
755 3067 794 3110 ao
811 3045 919 3111 tenuis
934 3045 1024 3110 viola
1039 3065 1119 3107 oum
1184 3088 1189 3093 -

86 3162 88 3167 ’
129 3164 224 3232 lentis
236 3185 419 3228 anemone:
442 3161 728 3247 nequeoontinuo
750 3164 850 3250 plena
867 3162 994 3231 rosaria
1012 3183 1119 3248 expe-

129 3282 251 3365 tiinus,
286 3302 395 3366 neque
416 3279 522 3345 densis
538 3279 645 3344 lilietis
664 3281 875 3368 inambulare
904 3278 1118 3366 discurrimus,
1232 3356 1235 3363 Ι

131 3412 165 3465 et
177 3400 387 3484 reliquorum
408 3396 509 3463 etiam
526 3394 651 3465 florum
672 3399 775 3465 odore
789 3397 945 3478 reereari,
968 3397 1024 3485 qui
1037 3397 1120 3485 tepi-
1229 3390 1235 3403 ‘

131 3516 235 3607 dionis
259 3505 359 3580 auree
383 3527 472 3582 sunt.
488 3504 496 3516 l
538 3515 593 3582 Sic
622 3514 787 3589 nimirum
816 3529 849 3582 et
877 3535 954 3602 ego,
996 3516 1032 3581 in
1055 3515 1119 3580 hoc

129 3636 263 3705 novello
282 3631 460 3722 florilegio,
491 3635 658 3702 bonarum
682 3636 805 3701 artium
831 3659 900 3702 non
919 3635 985 3701 nisi
1004 3634 1121 3722 primi·

128 3756 193 3821 tias
213 3751 338 3820 offero:
368 3736 543 3837 uberiora,
561 3753 627 3818 'uti
645 3742 791 3841 quidem'
804 3778 918 3842 spero,
949 3755 1123 3820 oblaturus

133 3877 231 3960 alias,
274 3896 317 3940 es
338 3872 549 3940 uberioribus
576 3873 688 3963 copiis.
754 3874 856 3965 Quod
875 3873 1042 3963 reliquum
1065 3883 1123 3954 est,
1210 3922 1212 3927 .
