2558 4500
133 272 193 341 106
224 362 237 403 Q

130 442 179 509 15.
192 446 235 512 D.
257 446 378 512 Duval.
392 455 471 533 post
489 443 578 510 locos
602 466 621 508 c
637 441 772 510 Graecis
786 440 1010 532 scriptoribus
1025 438 1121 507 erci-¹

126 556 231 626 talos,
254 546 291 610 in
305 548 425 632 quibus
441 548 645 635 pronomina
659 545 693 610 in
712 567 834 629 genere
860 558 986 610 neutro
1007 546 1118 629 cujus-

126 671 259 734 cunque
273 649 405 732 generis
421 648 639 714 substantivis
662 646 900 739 subjiciuntur,
924 648 1117 715 addendum

24 780 26 797 1
44 738 45 742 Ἰ
127 762 195 831 cst,
219 752 365 814 eundem
379 752 535 837 loquendi
550 774 651 815 usum
666 749 764 812 etiam
780 748 868 837 apud
891 749 1034 813 Latinos
1057 746 1117 826 ob·

124 854 241 918 tinere.
265 852 331 917 Cio.
347 854 389 917 de
404 854 470 918 Off.
488 857 511 920 Ι.
531 840 579 921 25.
597 889 639 901 -
651 888 694 901 -
709 836 943 936 „omninoque
961 851 1006 914 ita
1021 847 1116 934 justi*

124 954 192 1017 tiae
206 953 439 1041 honestatique
454 956 685 1032 adhaerescet,
707 967 763 1037 ut,
787 955 869 1023 du'm
884 976 927 1018 eu
944 953 1115 1040 (bonesta·

124 1065 243 1118 temet
263 1055 423 1137 justitiam
448 1063 544 1146 puta)
569 1070 763 1138 conservet,
792 1057 947 1142 quamvis
971 1051 1114 1137 graviter

125 1157 306 1222 offendat.“
350 1158 424 1227 Vid.
449 1160 603 1225 Cortium
623 1161 664 1224 ad
690 1159 747 1224 lib.
766 1157 836 1228 Vll.
857 1160 897 1223 ad
921 1158 1050 1221 divers.
1067 1174 1113 1240 ep.

121 1278 174 1325 ae.
189 1273 222 1324 et
237 1264 280 1325 ad
295 1260 428 1327 Sallust.
444 1262 540 1327 Catil.
556 1264 596 1330 V.
614 1284 643 1346 7.
669 1297 712 1317 m
732 1298 775 1319 -v
825 1257 993 1328 Pluribus
1008 1253 1113 1323 verbis

122 1362 314 1450 interjectis
322 1375 404 1449 post
418 1364 577 1450 exempla
594 1363 713 1428 onsissi
734 1362 829 1429 verbi
843 1359 1039 1446 πράττειν
1051 1353 1113 1419 ad·

122 1455 184 1529 dc.-
205 1466 339 1549 „Atque
351 1466 398 1528 sio
414 1465 516 1529 etiam
530 1464 702 1530 interdum
719 1463 829 1529 Latini
844 1461 1026 1546 scriptores
1039 1479 1113 1522 oran

2 1559 5 1574 ⁵
41 1595 49 1601 ·
120 1568 249 1635 tionem
263 1568 469 1654 praecidunt.
486 1567 553 1632 Cic.
574 1565 640 1631 Off.
658 1567 749 1632 tn.
780 1566 913 1650 „Atque
932 1559 1112 1640 haudscio,

121 1694 165 1735 an
182 1670 261 1734 satis
274 1670 327 1749 sit,
350 1693 438 1747 eum,
460 1669 518 1754 qui
532 1667 722 1747 lacessierit,
744 1667 889 1752 injuriae
904 1689 985 1731 suae
998 1660 1113 1750 poeni-

52 1768 55 1773 ’
121 1784 211 1851 tere3
256 1783 346 1835 utet
367 1773 440 1858 ipse
462 1793 505 1833 ne
525 1769 603 1854 quid
623 1770 688 1837 tale
711 1771 850 1856 posthac
869 1769 926 1858 (sc.
950 1766 1113 1845 saciat)et

119 1873 224 1938 ceteri
241 1873 307 1936 siut
324 1873 366 1936 ad
380 1871 543 1935 iniuriam
555 1872 755 1936 tardiores“.
778 1873 819 1940 ad
837 1893 867 1959 q.
886 1872 910 1934 l.
940 1866 1113 1939 vid.Heun‚

114 1976 272 2061 'singerf‘

204 2112 266 2180 Ad
280 2134 355 2201 cap.
371 2131 418 2173 ιι.
436 2131 474 2197 p.
492 2109 539 2174 16.
558 2111 594 2179 C.
616 2114 649 2179 s't
666 2141 697 2180 τε
713 2113 773 2178 ruia
786 2107 942 2178 'actorium'
979 2105 1113 2189 „Etiam

116 2215 216 2282 latini
230 2215 410 2300 scriptores
424 2213 625 2299 particulam
634 2215 857 2302 copulativam
867 2226 1112 2291 nonnunquam

117 2329 270 2410 ponunt,
293 2313 352 2377 ubi
366 2314 616 2380 adversativam
632 2315 888 2406 exspectaveris.
911 2310 1110 2395 Heusinger.

33 2422 37 2427 ’
118 2423 162 2486 ad
177 2418 309 2484 Cornel.
325 2416 409 2500 Nep.
426 2415 481 2482 IV.
498 2415 527 2478 5.
545 2439 575 2494 7.
598 2418 726 2482 Eodem
745 2418 893 2504 pertinet
907 2412 1007 2479 Polit.
1022 2412 1064 2475 Il.
1084 2428 1111 2473 2.

119 2546 150 2609 7.
182 2517 337 2586 ταῦτάτε
361 2515 406 2592 dvi
435 2516 472 2582 ου’
501 2525 664 2601 συμβαίνει
685 2523 747 2596 τοῖς
769 2523 837 2585 λίαν
858 2518 890 2583 ’ἓν
913 2508 1112 2589 exorcisavit

118 2620 228 2695 πόλιν,
251 2621 310 2682 ubi
328 2618 551 2683 Schneiderus
566 2620 716 2705 primum
732 2622 932 2706 particulam
946 2622 980 2682 at
995 2613 1113 2700 requi-

61 2738 64 2745 '
117 2724 150 2790 ri
165 2732 298 2800 censet,
322 2719 442 2782 deinde
455 2718 538 2782 illud
551 2747 582 2784 rs
597 2722 697 2805 plane
710 2725 911 2790 tollendum.
934 2717 1003 2783 Sed
1025 2744 1057 2782 τε
1076 2712 1113 2793 dvi

117 2824 236 2890 eadem
246 2821 376 2886 ratione
390 2831 573 2906 usurpatur
586 2820 664 2885 Etb.
680 2823 751 2887 Nic.
771 2825 857 2889 Vllt.
881 2821 911 2886 3.
935 2844 969 2908 p.
987 2821 1057 2888 154.
1074 2821 1112 2885 C.

115 2925 196 2995 nocui
209 2922 402 3009 συμβεβηκός
421 2950 462 2988 τε
484 2920 529 3000 dri
552 2930 585 2988 αἱ
607 2923 821 3005 φιλίαωῦται
843 2920 945 2991 εἰσίν(
974 2925 1114 2989 Postre-

113 3051 211 3094 mum
227 3053 258 3092 τε
275 3032 336 3112 pro
353 3026 386 3092 δὲ
403 3035 452 3088 est
464 3022 566 3089 etiam
584 3025 683 3090 Polit.
699 3026 754 3094 lv.
772 3025 810 3097 6.,
821 3053 847 3094 r.
876 3026 1113 3094 commentar.

113 3153 188 3222 pag.
208 3129 304 3194 250.“
804 3119 806 3123 ⁴

112 3367 314 3459 Explicatio
334 3378 514 3449 uotorum,
536 3366 655 3456 quibus
678 3367 714 3431 in
730 3363 914 3434 laudandis
930 3364 1113 3451 ceddae.

423 3493 486 3560 que
513 3469 589 3534 edd.
612 3493 692 3533 usus
712 3492 798 3539 sum.
879 3485 882 3492 '

29 3631 32 3640 '
113 3625 196 3692 Cod.
218 3625 271 3690 El.
296 3634 349 3687 est
365 3622 501 3687 loannis
518 3621 606 3688 Mori
623 3623 772 3710 episcopi·
784 3622 941 3694 Eliensisl

134 3762 178 3778 -·
221 3723 288 3789 CN.
306 3735 355 3786 est
367 3723 609 3810 CollegiiNovi'.

41 3891 46 3899 ,
134 3861 178 3878 -·
199 3825 293 3891 CCC.
305 3837 355 3888 est
368 3825 509 3908 Collegii
523 3824 682 3911 Corporis
693 3825 826 3906 Christi,
849 3827 1109 3912 quorumtrium

118 3976 141 4007 .,
273 3926 432 3994 'codicum
444 3928 553 3996 varias
569 3927 728 3997 lectiones
744 3929 891 3997 enotavit
905 3929 999 3996 Guil.
1012 3929 1108 4000 wit·
