2558 4500
189 1044 326 1134 Lipsiae
348 1045 516 1112 sumtibus
537 1041 714 1112 librariae
726 1039 927 1108 Hahuianae
937 1058 1052 1130 nuper

459 1222 466 1235 ,
506 1148 728 1239 prodierunt:

76 1378 78 1383 ,
116 1327 164 1382 Fr.
176 1322 276 1397 Vigeri
288 1321 323 1376 de
334 1318 497 1403 praecipuis
510 1336 621 1392 graecae
630 1315 769 1371 dictionis
782 1313 942 1373 idiotismis
950 1311 1033 1371 liber.
1052 1314 1129 1397 Cum

152 1389 451 1446 animadversionibus
475 1391 562 1443 Hem.
592 1385 801 1463 Hoogsveeni,
826 1387 871 1443 Jo.
891 1383 955 1439 Car.
977 1385 1082 1439 Zeumi
1100 1401 1129 1440 et

152 1464 229 1600 Ggod.
239 1460 409 1521 Hermanni.
425 1459 524 1514 Editio
537 1457 661 1514 secunda
669 1456 781 1511 auctior
793 1469 821 1510 et
832 1453 1025 1591 emendatior&
1035 1457 1129 1580 {ff

150 1553 166 1585 a
190 1545 231 1599 13.
289 1586 294 1594 ,
1122 1565 1131 1582 .

192 1640 402 1698 celeberrimus
425 1640 519 1691 editor
533 1637 796 1693 animadversiones
809 1636 902 1711 priori
917 1636 1039 1692 editioni
1051 1637 1131 1692 addi·
1166 1680 1169 1685 .

192 1721 235 1762 t'as
257 1712 288 1764 in
302 1707 356 1762 hac
366 1708 465 1761 iterata
477 1725 538 1761 non
552 1705 649 1763 solum
663 1708 820 1763 maximam
834 1723 943 1779 partem
956 1709 1131 1776 retractavit,

191 1776 242 1830 sed
264 1777 350 1831 etiam
370 1775 471 1830 multis
492 1779 579 1839 novis
597 1778 686 1831 auxit.
721 1776 848 1831 Accessit
866 1791 1000 1830 notarum
1017 1778 1061 1850 Ap
1083 1797 1132 1831 en.

190 1846 256 1911 dix,
276 1866 348 1925 quaa
369 1865 432 1900 com
455 1842 571 1902 lectitur
592 1846 699 1920 partim
719 1865 764 1899 res
785 1847 912 1899 maxime
930 1796 1131 1902 memoradiles

189 1912 332 1988 eitterptas
344 1863 474 1969 elibeliis
488 1917 649 1971 Hermanni
663 1914 774 1989 aliquot
787 1914 955 1969 academicis
968 1935 998 1969 ar
1071 1918 1131 1972 enti

190 1985 390 2059 grammatici,
429 1985 480 2070 spui
509 2005 575 2040 cum
601 1984 792 2046 Vniversitati
817 1983 978 2041 litterarum
1024 1986 1131 2061 ipsidae

190 2054 291 2126 scripti
302 2070 410 2118 essent,
431 2075 462 2110 ιιι
477 2074 636 2128 paucorum
652 2052 728 2127 apud
741 2069 851 2108 exteros
864 2072 967 2107 manus
980 2072 1131 2121 venerunt.

189 2124 297 2197 partim
328 2121 381 2178 alia
406 2143 467 2179 non
486 2145 590 2197 pauca,
625 2122 763 2197 inprimis
785 2123 925 2195 Syntaxin
944 2124 1078 2180 Graecam
1098 2126 1132 2181 in

193 2192 362 2247 uuiversum
379 2193 548 2275 spectantia,
575 2212 646 2267 quae
671 2191 778 2247 tirones
799 2191 910 2267 egregie
927 2191 1086 2262 docebunt,
1113 2217 1130 2250 a

193 2261 363 2316 doctoribus
378 2261 532 2336 diligenter
547 2261 755 2335 expendentur.
871 2320 877 2349 ν

122 2372 327 2446 Xenophontis
348 2392 419 2447 quae
439 2387 564 2437 exstem,
585 2390 620 2425 ex
629 2369 773 2426 librorum
788 2352 967 2446 scriptorum
975 2371 1031 2429 fids
1042 2388 1072 2429 et
1086 2376 1131 2430 ri.

88 2512 91 2517 Ι
157 2461 258 2496 rorum
279 2443 428 2498 doctorum
453 2441 626 2496 coniecturis
653 2442 796 2496 recensuit
818 2457 846 2496 et
866 2442 1070 2518 interpretatus
1088 2462 1131 2504 est
1198 2482 1207 2507 -,

155 2515 202 2572 Jo.
220 2511 341 2567 Gottlob
354 2511 517 2567 Schneider.
535 2514 577 2571 VI
592 2511 690 2566 Tomi.
709 2522 727 2581 8
740 2512 809 2583 maj.
824 2522 902 2581 1315.

191 2624 453 2681 Praestantissimus
470 2623 659 2680 Schneiderus
672 2642 738 2681 cum
746 2622 892 2750 opuscula
900 2626 1026 2701 quitica,
1038 2630 1132 2714 Eque·
1148 2614 1153 2631 .

191 2693 262 2749 atria
278 2711 306 2749 et
319 2696 458 2755 Venatica
471 2713 549 2749 nunc
563 2693 699 2759 ediderit,
716 2692 784 2751 abso
797 2709 845 2751 uta
860 2711 902 2751 est
913 2696 1132 2765 Schneiderrana

190 2764 471 2838 Xenophonteorum
496 2761 639 2819 librorum
662 2763 762 2821 aditio.
799 2766 877 2836 Quae
897 2782 931 2819 ut
947 2787 1000 2840 pro
1018 2767 1131 2846 integra

180 2834 393 2908 'Xenophontis
414 2834 542 2888 editione
561 2833 661 2888 haberi
685 2833 800 2907 emique
813 2848 917 2908 postet,
936 2851 1065 2894 curatum
1087 2856 1131 2896 est
1188 2852 1191 2857 ’

192 2905 279 2958 etiam
298 2905 384 2958 novis
403 2901 514 2968 titulis,
533 2918 629 2958 tomos
650 2902 859 2969 indicantibus,
879 2902 1060 2971 excudendis.
1095 2915 1132 2965 In

117 3000 121 3007 ·
191 2974 247 3055 his:
259 2973 349 3030 tomis
370 2971 520 3048 Opuscula
536 2971 587 3028 illa
605 2987 720 3028 teatrum
743 2992 867 3048 eumque
875 2987 1058 3048 postremum
1070 2978 1132 3035 effa·

116 3054 119 3059 “
146 3055 150 3058 ⁴
192 3059 282 3099 crunt.

122 3124 255 3230 Virgilii,
280 3154 362 3237 Publ.
389 3154 536 3237 Maronia,
562 3153 660 3238 Opera·
682 3152 715 3208 in
736 3153 866 3209 tironum
887 3155 1008 3230 gratiam
1028 3166 1147 3234 perps.'

159 3242 206 3279 tna
224 3226 410 3285 adnotatione
430 3243 516 3279 novis
538 3243 615 3278 curis
634 3223 801 3279 illustratae
817 3224 884 3280 Chr.
898 3224 989 3283 Gottl.
1003 3231 1131 3302 Heynio.

122 3322 124 3326 Α
157 3295 258 3351 Editio
271 3312 370 3372 quarta
383 3293 561 3352 emendatior
575 3309 603 3350 et
614 3292 799 3369 locupletior·
818 3295 927 3356 avelli
943 3300 1036 3368 gmaj.
1044 3301 1133 3424 ,Ἠ

1005 3371 1062 3435 4R

191 3477 293 3533 Norae
310 3476 398 3537 huius
421 3475 576 3543 editionis,
595 3473 758 3533 scholarum
770 3472 871 3531 usibus
886 3475 1008 3543 ditatae,
1032 3497 1131 3537 curam

194 3547 318 3630 suscepit
337 3547 590 3610 Wunderlichius,
606 3544 753 3602 Professor
771 3545 939 3601 Academiae
961 3547 1132 3626 Gottingen·

137 3626 140 3631 ’
195 3615 251 3683 sit,
271 3617 360 3692 idque
375 3618 468 3693 ipsius
487 3616 613 3690 Hsynii,
632 3635 699 3671 cum
723 3613 817 3671 adhuc
829 3614 862 3671 in
875 3615 953 3672 vivis
965 3617 1045 3688 esset,
1065 3638 1134 3675 con·

193 3683 263 3753 silio
276 3701 303 3741 et
316 3690 491 3745 anctoritate.
504 3688 583 3761 Quae
592 3702 626 3741 ut
634 3684 812 3741 emendatior
820 3700 848 3740 et
859 3682 1035 3759 locupletior
1044 3687 1131 3762 prod·

193 3756 274 3839 iret&
285 3757 391 3830 partim
410 3777 478 3815 usus
499 3772 541 3815 est
559 3755 670 3813 schedis
690 3753 865 3826 Heynianis‚
882 3755 989 3833 partim
1013 3775 1063 3814 sua
1083 3748 1133 3814 ad·

191 3841 299 3881 lunxit.

126 3938 241 3992 Horatii
259 3937 354 3995 Flacci
375 3922 479 4015 Opera.
512 3938 667 3993 Recensuit
679 3952 708 3993 et
720 3933 876 3995 illustravit
889 3898 942 3995 Fr.¹
951 3936 1133 3995 Gottl.·Doe·

160 4007 233 4080 ring.
253 4009 363 4066 Tomut
375 4013 400 4066 1.
417 4008 518 4077 Editio
525 4007 657 4066 munds
668 4005 782 4067 suellos
793 4022 822 4067 at
832 4008 1018 4068 emendatior.
1037 4008 1132 4079 gmaj.

161 4087 238 4147 ¹8¹6·
378 4158 384 4167 .
503 4088 506 4093 “
899 4097 913 4133 1
928 4075 1025 4134 Rthlr.
1040 4091 1074 4134 12
1085 4096 1135 4154 gr„
