2558 4500
1070 286 1112 375 3s

120 463 279 550 idemque
307 485 329 528 a
350 477 448 528 sensu
473 460 506 527 h.
533 459 598 526 loci
617 457 802 525 abhorrere
830 470 943 525 censet
961 456 1111 543 Bergiusr

121 572 286 637 ποιεῖσθαι
299 587 362 655 pro
377 566 526 650 εἰρῆσθαι
542 564 593 630 ΕΙ.
607 563 736 637 Victor.
763 562 840 631 Vet.
858 564 1019 649 Interpr.:
1036 559 1115 641 ¹dici

122 665 275 757 etfleri,
298 680 338 735 ut
349 679 534 750 utrumque
544 663 660 752 legisse
675 666 839 732 videatur.
868 662 1046 741 Difficilior
1060 662 1114 726 lo-

124 793 185 835 cus
199 782 271 846 est,
289 772 331 839 ad
349 792 451 858 quem
467 778 547 833 nota
562 780 609 831 est
621 768 791 854 Zwingeri
813 768 854 832 de
875 767 1040 831 varietate
1062 763 1128 835 le-,

123 870 256 949 ctionis,
275 873 425 958 itemque
441 867 614 960 Giphanii‚
635 868 702 942 sed,
718 880 757 948 ut
770 868 855 933 mihi
866 867 1002 954 quidem
1015 863 1114 951 vide*
1202 946 1204 951 Ι

122 986 196 1056 tur,
219 975 384 1043 nonsatis
409 975 563 1041 distinete
584 970 836 1060 explicandum.
863 968 993 1059 Quodsi
1011 967 1117 1055 igitur

122 1073 169 1162 μή
189 1074 410 1156 retinebitur,
430 1077 485 1145 hic
497 1097 610 1142 sensus
627 1074 780 1141 exsistet:
803 1095 901 1162 posse
913 1072 979 1139 hoc
994 1071 1036 1134 ab
1049 1070 1115 1135 ali-
1207 1142 1210 1147 ,

124 1200 193 1264 quo
215 1175 388 1255 Aristoteli
411 1178 531 1267 objici,
558 1199 627 1242 non
647 1177 688 1241 de
709 1199 802 1241 omni
792 1175 898 1257 1110,
927 1172 1016 1261 quod
1035 1171 1116 1237 boni

121 1281 410 1362 nornenhabeat,
443 1279 620 1346 Platonem
641 1279 795 1345 statuisse
816 1275 925 1356 ideas,
967 1275 1125 1341 sednon·

120 1372 192 1449 uisu
181 1381 282 1447 '''de
258 1406 317 1465 ns,
339 1404 426 1466 quae
440 1403 503 1468 per
517 1404 552 1446 se
565 1382 633 1446 sint
644 1381 741 1449 bona
783 1380 900 1465 Neque
916 1380 1000 1461 lraec
1012 1377 1118 1442 verbe

122 1482 179 1550 δια
196 1482 235 1553 vd
257 1485 302 1570 μή
321 1490 393 1570 περὶ
413 1511 501 1551 narr.
522 1483 618 1570 ἁγαθ.
641 1484 709 1549 ullo
730 1481 832 1549 modo
845 1481 886 1546 ad
901 1468 1119 1547 Aristotelem

122 1584 250 1653 referri
265 1597 422 1676 possuntt
444 1587 472 1653 is
487 1586 577 1652 enim
591 1588 659 1669 jam
673 1609 777 1677 supra
790 1585 831 1650 de
847 1583 1002 1650 omnibus
1017 1582 1119 1647 rebus

123 1686 223 1752 bonis
244 1689 465 1772 disseruerat,
487 1687 575 1753 etde
594 1687 656 1764 iis,
681 1712 765 1774 quae
776 1711 839 1776 per
858 1710 893 1751 se
905 1697 983 1750 sunt
996 1686 1121 1764 bonae,

125 1801 176 1856 et
184 1789 269 1858 de
246 1810 305 1874 ns,
331 1790 419 1876 quae
438 1788 573 1859 nonnisi
592 1811 655 1876 ope
677 1790 829 1855 aliarum.
873 1788 931 1856 Sin
946 1799 1059 1853 autem
1075 1781 1123 1870 μή,

88 1867 305 1975 deleveris,
325 1891 383 1958 hic
398 1893 464 1961 erit
476 1915 609 1957 sensus.
632 1913 702 1955 esse
716 1893 758 1957 ab
772 1891 953 1958 Aristotele
969 1888 1011 1955 de
1024 1887 1121 1954 omni

115 1973 259 2061 ⁸bono
233 2015 307 2063 sme
329 1994 400 2063 ullo
423 1990 615 2061 discrimine
636 1992 923 2080 disputationem
913 1994 1118 2071 mstitutam,

125 2117 223 2181 quaer
213 2097 280 2165 ad
293 2097 408 2164 omnis
420 2096 515 2161 ideae
526 2095 750 2183 pertinerent,
773 2118 864 2159 nunc
878 2106 993 2159 autem
1009 2092 1119 2181 perti-

123 2217 208 2264 nere
223 2221 279 2264 eas
295 2198 433 2273 nonnisr
424 2198 492 2263 ad
508 2220 565 2276 ea,
580 2224 583 2229 ·
601 2218 687 2281 quoe
700 2218 763 2283 per
779 2220 815 2261 se
829 2209 940 2262 essent
952 2194 1051 2259 bona.

210 2300 316 2384 λέγοιτ’
335 2304 373 2369 de
391 2299 432 2369 vd
452 2295 567 2383 ἀγαθά.
591 2333 633 2348 ·-
676 2298 811 2383 Reliqui
835 2321 952 2365 omnes
974 2289 1119 2380 τάγαθᾶς

122 2400 196 2468 NC-
209 2404 284 2470 Vct
304 2404 370 2484 Int,
385 2396 533 2488 rdyodo'v.

211 2503 252 2572 Β.
275 2505 356 2573 oiotr
372 2501 503 2587 μάταιον
524 2501 611 2569 ἔσται
630 2499 667 2571 ro*
686 2503 775 2580 εἶδος.
797 2540 838 2554 -
861 2503 932 2593 Qui
944 2503 1047 2570 latine
1063 2501 1121 2565 in-

124 2604 302 2694 terpretati
321 2617 403 2671 sunt
422 2606 483 2671 h'os
501 2605 622 2684 libros,
643 2606 734 2691 hune
754 2607 876 2687 locum,
899 2631 976 2672 cum
990 2606 1068 2681 εἶδος
1084 2614 1120 2667 et
1142 2615 1147 2625 “

125 2710 213 2775 ἰδέαν
232 2731 303 2775 non
324 2707 589 2792 distinguerent,
619 2710 707 2776 male
726 2721 934 2798 acceperunt.
980 2707 1017 2773 Si
1032 2709 1117 2785 ἰδέα,
1147 2714 1176 2769 Α.

125 2806 258 2893 inquit,
294 2812 529 2899 complectitur
550 2832 651 2877 omne
670 2835 733 2901 per
764 2834 800 2876 se
826 2813 972 2890 bonum,
1010 2829 1120 2893 neque

125 2909 408 2996 quidquamboni
422 2926 471 2978 est
483 2925 619 3003 praeter
631 2914 792 2995 eandem,
820 2915 901 3000 quid
916 2924 998 2987 tunc
1013 2909 1128 2991 faciat
1151 2953 1159 2981 ι,
1197 2904 1203 2915 ’

126 3033 205 3088 mus
217 3010 503 3085 streatNimirum
517 3027 700 3101 utrumque
715 3014 918 3087 vocabulum
933 3012 1022 3099 apud
1040 3010 1121 3075 Pla-

127 3125 246 3181 tonem
267 3114 305 3181 in
324 3116 389 3183 hoc
410 3129 534 3201 genere
547 3120 700 3186 occurrit.
744 3120 854 3189 Lusus
865 3114 967 3202 igilur
980 3112 1120 3198 quidam

126 3216 208 3282 huie
220 3221 296 3286 loco
307 3219 396 3285 inest
402 3241 415 3298 3
429 3231 469 3295 ut
481 3218 535 3282 leo
550 3221 729 3306 aliquando
742 3222 856 3287 'risisse
871 3217 1034 3295 videatur.
1122 3246 1126 3251 ·
1192 3288 1198 3297 ,

212 3327 433 3407 ἐπιφαίνεσθαι
446 3341 510 3407 pro
522 3327 728 3407 ἐμφαίνεσθαι
741 3323 866 3391 Victor.

216 3421 252 3489 C.
274 3427 340 3490 Pro
357 3426 525 3510 ψιμμυθίῳ
549 3446 596 3495 ex
614 3424 810 3494 Schneider
824 3433 1006 3510 praecepto
1018 3421 1119 3505 (Lex

128 3523 192 3591 Gr
207 3524 329 3607 subv.)
345 3526 561 3595 scribendum
576 3528 640 3593 erit
652 3534 806 3616 ψιμυθίῳ.
1076 3568 1079 3573 -

214 3627 280 3703 πῶς
294 3625 331 3706 δη
346 3631 473 3714 λέγεται.
494 3629 710 3717 Paraphrast.
719 3632 795 3699 Vet.
808 3631 936 3716 Interp
942 3595 1118 3717 Argyrop.
1128 3710 1130 3715 Ι

127 3730 277 3816 λέγονται.
320 3730 405 3797 Mox
415 3753 479 3820 pro
493 3731 552 3821 ἄρα
565 3757 600 3818 γε
613 3728 863 3801 scribendum
841 3758 902 3820 αρα
914 3753 966 3818 γε,
987 3739 1120 3807 mutato

130 3843 280 3900 accentu

212 3938 258 4024 νῷ
277 3934 329 4022 ἀφ’
346 3932 416 4017 ἑνός
435 3935 522 4005 εἶναι·
545 3937 666 4008 Ven.I
688 3940 800 4010 Bas’
783 3938 830 4027 ro’
844 3938 918 4023 ἑνός
940 3935 1025 4004 Mox
1040 3961 1119 4004 συν
