2558 4500
66 1212 246 1337 Primum
260 1266 289 1330 si
305 1268 381 1354 quis
393 1267 527 1353 juvenis
540 1266 578 1332 in
592 1264 766 1355 publicum
780 1262 917 1356 prodire
929 1248 1032 1350 atque
1045 1265 1111 1335 dc·

67 1367 130 1435 otis
152 1392 267 1435 corum
287 1368 412 1437 virium
427 1371 594 1458 specimen
616 1369 715 1433 edere
734 1367 965 1455 qualecunque
977 1371 1111 1451 audeat,

63 1472 242 1539 neminem
264 1472 383 1539 mirari
408 1473 572 1547 arbitror,
600 1472 630 1535 si
651 1481 768 1558 aperte
790 1481 824 1534 et
841 1471 1122 1559 ingenue³pr·oli·g

64 1584 199 1655 teritur,
227 1574 504 1643 subrusticosese
518 1573 665 1658 quodam
684 1573 811 1660 pudore
827 1573 936 1641 teneri
952 1574 1110 1656 veritum,

64 1698 111 1741 ne
132 1698 248 1756 cause,
269 1697 373 1760 quam
396 1675 561 1760 agendam
581 1675 786 1762 susceperit,
813 1674 918 1741 cadat.
974 1676 1123 1745 Etenim-

61 1775 336 1860 frequentissima
362 1800 488 1845 corona
508 1776 675 1854 cinctum,
717 1789 797 1842 aute
828 1777 1122 1863 gravissimorum

60 1877 216 1963 judicum
231 1903 439 1957 consessum,
462 1891 496 1947 et
509 1902 552 1945 ne
567 1880 677 1947 solum
692 1878 847 1964 quidem,
868 1879 925 1945 sed
939 1881 1118 1957 insonum¹

62 1978 245 2064 comitatu,
267 2004 412 2066 quorum
426 1979 600 2067 splendida
613 1983 676 2049 tux
690 1980 849 2052 facillime
863 1993 1014 2051 nostram
1031 1983 1110 2070 glu-

61 2078 185 2161 riolam
201 2084 394 2169 exstingunt
407 2115 451 2135 ·-
465 2103 602 2165 ecquem
618 2081 792 2155 hominem
806 2106 934 2151 novum
950 2094 1020 2152 tam
1034 2084 1110 2153 for-

59 2176 131 2248 tem
154 2184 286 2265 vidisti,
316 2186 398 2275 quin
417 2180 535 2251 timide
556 2180 671 2249 oculos
685 2184 795 2263 tollat,
817 2183 961 2253 strictim
979 2185 1107 2273 adspe-

59 2297 179 2351 ctnrue
195 2297 327 2353 tottam
342 2287 515 2373 praeclara
528 2281 691 2352 nomina?
713 2285 800 2354 Utut
816 2284 877 2364 sit,
898 2308 954 2353 me
968 2287 1116 2375 quidem,
1208 2356 1211 2361 ,

61 2399 153 2453 certe
174 2411 351 2476 uunquam
372 2386 555 2476 poenitebit
578 2385 750 2476 profiteri,
778 2386 872 2467 hanc,
889 2409 1001 2455 meam
1023 2408 1116 2467 can·⁸

59 2513 133 2556 sam
158 2513 248 2572 esse,
290 2512 415 2578 meque
444 2489 543 2559 nimis
573 2487 802 2557 vereoundnm
831 2511 934 2579 qnam
962 2491 1116 2577 turpiter

61 2603 308 2659 tumescentem
331 2591 448 2657 haberi
468 2591 580 2660 malle.
624 2591 698 2667 Iam
723 2614 825 2669 vero,
863 2613 907 2659 ne
931 2588 1109 2659 verbosior

60 2693 98 2779 ip
111 2693 284 2783 prooemio
301 2692 526 2780 deprehensus
541 2715 596 2759 ees
607 2716 734 2781 poenas
747 2694 889 2776 solvam,
912 2716 994 2780 quas
1013 2693 1108 2782 apud

62 2793 212 2867 Graecos
229 2795 420 2881 dependere
442 2797 498 2871 lex
516 2806 607 2877 erat,
636 2807 784 2867 vestram
806 2810 883 2865 ante
908 2797 1107 2881 patientiam

58 2895 320 2984 benivolumque
332 2898 485 2965 animum
502 2896 690 2986 deprecati,
713 2901 908 2970 accedamus
930 2897 971 2965 ad
993 2897 1108 2984 ipsum

58 3015 216 3065 nostrum
231 2998 462 3087 propositum.
513 2999 626 3086 Atque
653 2998 689 3065 in
719 3024 759 3067 eo
789 3003 936 3071 miretur
966 3001 1109 3071 sortasse

59 3101 249 3188 quispiam,
271 3123 331 3167 our
346 3113 454 3167 extet
469 3101 881 3195 Theopompinisjsoriptis
895 3105 985 3173 hane
996 3105 1109 3196 potis-s

60 3201 187 3269 simmn
204 3204 375 3290 epitomen
389 3204 562 3289 elegerim,
584 3204 644 3282 ulii
659 3206 851 3292 periculum
865 3206 1000 3287 faciam,
1025 3227 1108 3271 cum

12 3306 16 3315 '
58 3304 170 3381 multo
185 3307 313 3391 majora
326 3307 689 3396 eaquepraestantiora
698 3319 884 3392 restarent,
898 3322 955 3375 'ut
976 3307 1110 3395 Philip-¹.

58 3404 172 3494 picae,
196 3406 387 3474 Hellenicae
404 3408 563 3479 historiae
585 3422 619 3478 et
634 3431 720 3497 qnae
743 3413 896 3478 omnium
919 3434 977 3478 ore
991 3411 1108 3499 ferens

59 3517 137 3590 tur,
159 3507 229 3595 ejus
244 3510 431 3600 θαυμάσιαι.
444 3511 626 3628 σύγγραμμα
639 3519 712 3599 περὶ
727 3515 788 3579 τῶν
809 3518 844 3582 ἐκ
856 3516 988 3599 Asinus
1007 3521 1106 3590 συλη·

11 3690 14 3703 Ι
56 3612 192 3690 θέντων,
220 3611 311 3683 sliat
346 3614 424 3686 Non
438 3604 515 3684 satio
527 3608 635 3703 iligna
651 3637 721 3687 esee
738 3608 903 3700 ejusmodi
919 3635 1105 3723 asgumen-

57 3722 112 3791 ta,
133 3713 169 3778 in
168 3714 325 3807 quibus,
346 3729 385 3785 ut
399 3719 436 3783 in
450 3717 596 3805 exilibus
611 3728 646 3787 et
657 3718 797 3805 jejunis,
819 3718 966 3785 multum
982 3715 1104 3809 operae

58 3827 227 3905 posature
250 3816 384 3890 etenim
389 3817 486 3891 istius
502 3819 665 3908 epitomes
680 3819 814 3893 nonnisi
805 3819 921 3911 apud
933 3837 1105 3905 gramma-

57 3917 163 3998 ticos,
184 3919 348 3999 Suiilam,
373 3921 602 4027 Hesyolrium,
626 3923 815 3991 Grammat
834 3921 1106 4030 sangermanen-

63 4042 134 4135 sem
142 4022 306 4115 ,vestigii
321 4018 505 4133 quidquam
520 4049 712 4121 superesse,
736 4037 827 4095 etue
841 4002 935 4115 apud
953 4044 1009 4089 eos
1029 4018 1107 4104 qui-

932 4312 946 4346 t
