2558 4500
19 62 134 113 ,(,θ(1··1,1
193 62 196 71 ’
250 50 492 187 ’,1ἱ2ᾔ1271ἳῖ
533 72 854 173 ᾖ1,·ιι11ῗ1τ11ιι
935 58 990 131 [11,’1
1043 70 1049 79 ,
1132 64 1149 99 1·
1209 82 1217 103 ι

526 182 531 203 s

19 180 35 237 a
717 154 796 177 ”’

662 310 715 361 ι1

19 372 129 490 ἰ...

251 564 376 621 ductarii
392 563 626 648 emendatamque
651 561 726 648 hanc
744 563 902 648 editionem
921 576 997 622 voret
1009 567 1087 633 dici,
1111 582 1192 623 com·

252 635 363 760 paratio
385 653 447 691 erus
464 653 528 690 cum
543 653 639 708 priore
654 633 737 690 facile
752 635 875 690 docebit.
915 638 1036 692 Gratum
1055 636 1193 692 addimus

275 694 420 760 octoribus
442 703 605 760 scholarum
627 705 781 772 nuntium,
809 704 1026 761 celeberrimum
1047 707 1192 762 editorem

250 794 333 899 punc
351 775 384 830 in
410 792 444 829 eo
468 791 544 841 ease,
563 790 597 831 ut
616 772 737 829 alterum
754 775 894 832 volumen
906 775 1105 850 publioiiuris
1117 786 1192 832 mox

150 889 155 895 .
263 860 347 898 aetat.
669 876 673 883 ·
1267 894 1271 902 .

170 915 323 987 'Excerpta
338 913 462 969 Liviana
479 911 528 968 vel
546 911 777 969 Chrestornathie
797 914 934 984 Liviana,
952 886 984 968 in
1001 934 1089 969 usum
1107 914 1193 972 scho-
1250 976 1256 985 1

214 983 328 1048 larum,
355 983 517 1057 casdgatius
536 983 658 1057 repetita
677 1003 693 1038 a
710 982 745 1038 C·
762 985 797 1039 L.
820 986 942 1039 Bauero.
978 985 1080 1040 Editio
1096 987 1190 1049 tertie,

216 1052 400 1109 emend-atior.
418 1053 609 1122 gmin.1815.
993 1062 997 1067 ”
1068 1054 1192 1112 rRthlr.

251 1120 434 1179 Clarissimus
465 1120 620 1197 Bauerus,.
644 1124 766 1177 Rector'
781 1120 900 1178 scholae
935 1122 1191 1202 Hirsehbergensie

251 1190 340 1266 longe
363 1190 582 1256 meritissimus,
609 1188 708 1257 usibus
726 1191 894 1247 iuventutis·
905 1191 1093 1249 scholasticae
1112 1197 1190 1256 mire

232 1258 416 1326 consuluit,
441 1279 507 1314 cum
532 1258 602 1316 haec
629 1261 794 1334 eprineipe
811 1263 1021 1317 historicorum
1040 1267 1189 1324 Romano·

248 1349 317 1385 rum
339 1348 406 1384 exce
442 1344 469 1399 ta
491 1329 678 1384 scientissime
696 1345 815 1388 curaret.
850 1335 997 1407 Integrum
1016 1332 1094 1388 enirn
1105 1335 1189 1395 Livii

251 1418 288 1456 oo
325 1417 359 1454 us
376 1414 404 1451 et
441 1398 518 1455 arius
538 1397 690 1465 tenditur,
709 1419 795 1472 quam
808 1414 842 1454 ut
851 1402 1033 1473 pauperiores
1046 1401 1189 1479 discipuli

246 1469 332 1526 iac'e
352 1486 445 1522 emere
464 1467 592 1540 possint,
602 1481 640 1520 et
652 1467 743 1523 multe
758 1485 836 1524 tenet
851 1489 953 1551 parum
970 1477 1188 1543 accommodata

248 1537 299 1594 illi
313 1537 405 1591 aetati.
442 1538 575 1592 Ceterum
588 1536 733 1610 insignem
746 1556 807 1592 esse
819 1538 973 1594 utilitatem
987 1540 1080 1597 huius
1096 1546 1187 1602 Chre-

249 1605 421 1663 stomathise
448 1605 600 1670 Livianae,
638 1606 723 1659 etiam
748 1606 818 1662 hinc
847 1626 976 1683 apparet,
1034 1613 1093 1668 uod
1115 1616 1188 1673 duee

250 1677 385 1751 deinceps
400 1672 546 1728 editiones
568 1673 671 1746 cupide
684 1690 775 1739 emtas
789 1693 866 1730 sunt.
903 1679 999 1734 Tertia
1013 1631 1090 1739 liaeo
1109 1705 1187 1741 nova

247 1764 347 1802 nurus
366 1741 481 1805 excellit
495 1757 559 1796 tum
594 1740 660 1794 retii
669 1741 782 1796 vilitate
794 1757 857 1796 tum
869 1763 972 1819 magna
986 1748 1188 1823 impressioni,

184 1830 187 1835 '
251 1836 335 1880 cura,
354 1833 410 1888 qua
431 1827 545 1865 cautum
568 1761 653 1865 lpuita
666 1810 777 1865 mendis
790 1813 1016 1887 typographicis.
1230 1830 1232 1835 '
1260 1838 1263 1845 ·

179 1887 304 1951 &lectae
328 1903 343 1936 e
370 1880 498 1955 profanis
524 1880 711 1962 scriptoribus
732 1879 889 1945 Historiae,
926 1883 1032 1956 quibus
1051 1887 1187 1945 adiuncta

214 1970 284 2016 sunt
307 1952 386 2010 varie
413 1949 533 2003 honeste
553 1947 675 2002 vivendi
694 1965 848 2024 praecepta·
887 1951 993 2009 Denuo
1013 1961 1189 2031 recognovit

214 2042 244 2089 et
265 2043 300 2079 ue
320 2019 412 2075 edidit
425 2019 462 2073 Gt
473 2019 512 2071 H.
529 2016 667 2072 Schaeler.
685 2027 704 2085 8
718 2019 786 2090 maj.
803 2030 880 2142 1213.
1091 2027 1126 2082 ,6
1140 2048 1185 2102 gf,

276 2090 371 2150 oravit
394 2088 501 2143 norem
529 2087 602 2142 hanc
623 2087 780 2140 editionem
798 2087 822 2142 li
843 2088 870 2141 ri
889 2088 988 2145 usibus
1008 2092 1188 2154 scholasticis
1250 2147 1255 2156 .

247 2157 542 2222 accommodatissimi
554 2159 589 2212 G.
603 2158 643 2210 Η.
656 2155 837 2222 Semeleius,
858 2158 1004 2213 Professor
1013 2163 1184 2236 Lipsiensis.

204 2238 208 2247 “
247 2240 278 2294 Ῑι
298 2231 427 2308 primum
442 2226 606 2300 typothetae
617 2243 725 2279 errores
738 2225 770 2278 in
782 2226 925 2300 superiori
937 2229 1064 2292 editione
1078 2254 1188 2310 magno

212 2316 215 2323 “
248 2319 371 2363 numero
385 2296 489 2353 obvios
506 2293 660 2371 diligenter
673 2296 805 2349 correxit.
840 2297 955 2352 Deinde
969 2298 1097 2357 laborem
1114 2306 1189 2361 sub-

248 2377 287 2432 iit
310 2367 468 2426 lectoribus
496 2384 634 2488 perqlrpam
658 2362 760 2418 utilem
785 2364 935 2440 plerosque
957 2367 1038 2426 locos
1058 2373 1091 2426 in
1112 2375 1187 2448 ipsis

248 2445 306 2504 neri
327 2436 454 2503 toribus,
472 2436 549 2491 unde
583 2434 748 2500 aestimat,
769 2437 944 2490 excutiendi.
979 2442 1045 2513 Quo
1055 2442 1087 2496 in
1098 2460 1190 2520 nego·
1239 2505 1242 2509 1

249 2513 295 2573 tio
316 2528 384 2566 usus
409 2505 591 2561 oscillorum
611 2503 787 2560 editionibus
809 2505 978 2562 novissimis
998 2513 1187 2588 maximeque

247 2580 385 2660 probatis.
420 2581 519 2648 Itaque
542 2593 687 2648 speramus
713 2575 788 2641 lore,
813 2590 846 2629 ut
867 2573 957 2645 liber,
983 2599 1041 2654 quo
1061 2597 1105 2638 tot
1124 2585 1187 2640 iam

246 2671 300 2729 per
319 2665 407 2703 annos
430 2644 593 2699 scholarum
612 2643 745 2717 magistri
766 2663 880 2698 summo
901 2665 968 2701 curn
986 2649 1187 2711 emolumento

249 2722 298 2777 usi
317 2732 399 2781 sunt,
416 2732 505 2787 porro
525 2732 682 2787 puerorum
696 2729 723 2767 et
734 2714 857 2788 ingeniis
869 2716 1032 2775 excolendis
1047 2736 1077 2777 et
1088 2724 1187 2781 mori.

249 2790 305 2848 bus
323 2783 481 2859 formandis
502 2783 646 2859 insignem
660 2782 814 2837 utilitatem
827 2794 958 2859 praestet.

287 3037 451 3108 Eiusdem
477 3033 652 3104 Librariae
673 3035 840 3102 sumtibus
855 3038 1073 3126 prodierunt:

179 3165 380 3242 Aristophanis
396 3159 495 3219 Nubes
511 3183 577 3218 oum
594 3162 732 3230 Scholiia,
749 3181 854 3218 recens.
873 3160 1033 3222 etadnotat.
1046 3172 1093 3230 Jo.
1106 3170 1187 3251 Aug.

213 3237 328 3296 Emesti
357 3252 477 3308 suesque
508 3232 619 3289 addidit
650 3232 725 3289 God.
750 3235 940 3291 Hermannus.
973 3240 1077 3362 indii
1103 3257 1183 3317 ²799·

159 3330 163 3341 '
486 3329 489 3333 ’
683 3362 685 3367 .
950 3325 963 3357 1
1067 3325 1126 3364 .12
1173 3351 1182 3368 .

180 3375 340 3438 Aristotelis
360 3374 395 3428 de
412 3371 584 3426 animalibus
601 3369 739 3426 historiae
759 3370 829 3427 libri
847 3374 884 3428 X.
904 3375 1009 3430 Graece
1029 3393 1058 3431 et
1069 3331 1184 3439 Liuii.

214 3450 340 3504 Textum
359 3443 518 3507 recensuit,
535 3444 561 3501 J.
583 3442 616 3496 C.
637 3440 710 3495 Scali
731 3442 773 3495 eri
792 3445 956 3498 versionem
976 3445 1129 3522 diligenter
1141 3470 1184 3505 re·

216 3515 368 3590 cognouit,
387 3511 626 3568 commentarium
646 3462 854 3585 emphasimum
871 3513 980 3568 indices
1002 3535 1038 3570 ue
1056 3516 1185 3592 locuple·

152 3615 155 3621 ·
216 3586 343 3640 tissimos
357 3581 462 3636 adiecit
472 3583 518 3642 Jo.
537 3577 627 3636 Gottl.
641 3580 812 3650 Schneider,
831 3585 914 3639 Sardo.
931 3588 972 3647 IV
979 3534 1074 3641 'lomi¹
1088 3590 1182 3663 μή,
1238 3644 1242 3659 1

178 3666 302 3804 litlilglin
318 3720 401 3776 Rich.
416 3724 518 3803 Payne,
538 3722 608 3793 Rq„
624 3720 829 3803 Prolegomens
840 3722 875 3776 ad
889 3657 1182 3784 Homeruniliililshlle·

216 3810 375 3849 carminum
389 3793 608 3846 ilementorum
625 3809 753 3863 ongme,
781 3807 897 3849 auctore
911 3809 938 3847 et
952 3810 1039 3849 astate
1051 3795 1121 3850 item
1143 3817 1182 3852 ue

216 3862 251 3917 de
290 3863 377 3914 rircae
390 3858 505 3934 linguae
516 3877 669 3934 progressu
683 3875 711 3913 et
723 3862 854 3933 praecoci
866 3865 1047 3931 munitate,
1065 3867 1109 3921 ed.
1155 3885 1179 3920 r.

213 3882 343 3991 Fabri.
354 3927 502 4007 Ruhkopf.
519 3929 617 4005 amai.
636 3929 712 4007 ¹8¹5·
1089 3945 1124 4006 ²8
1133 3955 1178 4011 8¹·
