2558 4500
175 285 217 374 76

162 444 187 542 ⁸(
194 455 481 545 quemadmodum
507 466 693 544 usurpatur
713 467 746 521 c.
766 477 796 520 c.
817 452 861 527 V.
886 461 921 528 1'.·
940 458 1007 525 nbi
1027 461 1161 551 quaein

169 563 283 627 animo
305 560 426 643 insint,
462 559 530 625 tria
551 581 621 625 esse
644 557 822 623 dicuntur:
857 553 970 639 isdum
1003 560 1160 645 δυνάμεις,

170 669 256 743 ἕξεις,
279 662 445 732 cf.Vater.
462 663 684 729 animadvers.
700 661 745 726 ad
759 660 897 728 Aristot.
910 662 1042 728 rhetor.
1058 686 1092 753 Ρ.
1100 660 1159 751 ιγ.)

168 766 226 831 scd
247 767 347 848 etiam
363 764 456 836 haud
471 767 574 831 semel
596 788 652 831 eas
675 763 849 829 facultates
870 765 944 830 slve
966 776 1158 853 potestates,

166 869 255 934 unde
271 867 418 953 singulae
434 880 521 934 artes
538 880 572 933 et
585 866 780 955 disciplinae
794 866 978 947 exsistunt,
1011 867 1158 952 adeoque

167 991 223 1035 eas
238 982 327 1034 artos
340 969 428 1058 ipsas
444 982 477 1039 et
491 971 694 1061 disciplinas.
721 961 802 1041 Eth.
825 965 1021 1037 Nicomach.
1040 966 1068 1038 I.
1085 990 1112 1032 1.
1125 992 1156 1056 p.

115 1069 118 1075 ’
164 1089 195 1133 2.
218 1070 257 1141 C.
278 1071 398 1157 ὅριῖμει
416 1074 455 1140 ’δὲ
466 1106 469 1111 ‚
481 1081 533 1140 uui
556 1071 611 1148 scic
633 1065 829 1156 ἔντιμοτᾶιαο
841 1072 904 1136 cois
921 1067 1083 1156 δυνάμεων
1101 1066 1162 1137 tini·

163 1169 272 1251 ταὺιην
286 1181 351 1249 (sc.
368 1175 551 1255 πολιτικήν)
572 1175 682 1249 οὔσας·
702 1175 767 1245 oica
785 1171 1013 1264 oroocnycmis.
1043 1175 1157 1240 cimo-

161 1273 271 1358 μιιιήι,
293 1275 461 1364 ῥητορικήν.
504 1277 637 1344 Laudat
655 1275 782 1341 Muret.
805 1276 846 1341 ad
872 1276 914 1341 h:
929 1277 952 1341 l.
981 1295 1029 1341 cx
1050 1274 1156 1339 Meu·

160 1375 259 1463 phys.
275 1377 361 1443 VIII.
385 1380 486 1447 πεῖσαι
506 1389 540 1446 αἱ
560 1385 664 1468 τέχναι
678 1385 731 1452 καὶ
746 1383 902 1457 ποιητικαὶ
913 1380 1017 1446 wint
1034 1376 1162 1456 ἒπιιτῆν·

160 1504 218 1562 μαι
228 1474 371 1562 δυνάμεις
383 1486 455 1548 εἰσί.
467 1475 590 1571 Magn.
601 1481 755 1549 Morall.
767 1502 794 1544 ι.
812 1500 845 1567 Ρ.
857 1478 976 1567 1920E.
989 1478 1151 1565 Zwinger.

160 1579 203 1645 ad
221 1580 299 1645 Eth.
318 1580 392 1648 Nic.
411 1572 457 1653 V.
478 1607 505 1648 1.
523 1604 556 1673 p.
574 1604 646 1666 272.
700 1583 812 1673 ¹Hujus
836 1590 947 1645 autem
975 1581 1152 1653 universae

159 1682 403 1751 munciationis
422 1686 507 1753 haec
529 1698 579 1753 est
599 1697 786 1766 structura,
812 1694 852 1748 ut
865 1681 1010 1770 protasis
1026 1682 1150 1777 abduco

107 1838 113 1857 ,
139 1784 185 1861 ,δ’
206 1790 270 1851 εἰσὶ
288 1788 449 1873 procedat
469 1800 578 1873 usque
599 1787 642 1852 ad
666 1794 698 1854 ἐν
720 1784 856 1861 ἁπάσαις
877 1789 928 1859 tl,
949 1807 1038 1871 quoe
1051 1785 1150 1857 veiha

157 1873 322 1972 spodosin
336 1888 526 1983 ordiuntur.
550 1891 603 1955 Do
616 1874 783 1976 particula
799 1893 832 1954 δὲ
847 1888 885 1954 in
900 1885 1040 1977 apodosi
1054 1909 1151 1953 unsr-

155 1999 238 2077 pata
261 2010 296 2052 v·
319 1988 427 2056 Wolf.
452 1992 495 2057 ad
519 1992 692 2057 Demosth.
714 1991 849 2079 Leptin.
879 2011 915 2077 Ρ.
939 2011 1014 2080 297.
1036 1989 1148 2060 Veter.

155 2087 379 2160 animadvers.
396 2112 473 2178 pag.
489 2112 518 2178 9·
543 2093 601 2177 qui
619 2093 720 2179 plura
742 2114 784 2158 ox
799 2091 984 2159 Aristotele
996 2090 1150 2178 exempla

155 2193 365 2283 suppeditat,
388 2192 510 2281 quibus
533 2193 753 2269 adnumerari
772 2194 871 2268 debet
896 2192 995 2260 Polit.
1008 2193 1080 2260 VII.
1099 2191 1148 2256 15-

153 2316 189 2383 p.
204 2295 278 2385 589,
289 2298 329 2367 A.
348 2295 436 2386 (cap.
455 2315 503 2362 12.
518 2317 551 2383 p.
568 2295 639 2383 295.
658 2294 869 2383 Schneider.)
892 2295 983 2362 Ἐπεὶ
1003 2299 1038 2362 δέ
1052 2328 1092 2344 -
1107 2295 1161 2358 δεῖ-

151 2392 180 2464 ὅ
191 2403 223 2464 ἐν
236 2405 302 2479 ταῖς
315 2402 450 2488 τέχναις.
492 2397 599 2482 Reicii
610 2411 702 2463 certe
717 2398 855 2486 quidem
873 2399 961 2463 ratio
986 2393 1148 2486 epodosin

151 2501 269 2567 verbis
283 2504 331 2571 ὅτι
344 2506 400 2585 μὲν
412 2500 467 2570 οὖν
480 2501 540 2566 ord
545 2502 643 2566 ientis
656 2524 729 2571 non
742 2502 819 2567 satis
832 2503 948 2590 placet.
972 2496 1146 2568 IbidVllI.

152 2599 184 2665 6.
197 2625 231 2689 p.
249 2601 322 2667 611.
337 2604 378 2669 E.
402 2605 495 2692 (cap.
515 2627 544 2683 7.
565 2624 598 2690 p.
616 2603 689 2668 332.
704 2603 754 2667 ed.
770 2601 947 2688 Schneid.)
968 2604 1075 2689 plane
1091 2621 1147 2663 ea·

152 2698 231 2764 dem
253 2712 303 2765 est
326 2716 510 2786 structura,
546 2728 614 2792 quo
639 2706 777 2794 quidem
804 2706 880 2778 loco
902 2703 1036 2774 Reinius
1060 2703 1147 2767 hanc

148 2803 353 2890 particulam
364 2809 402 2872 in
416 2821 642 2893 consequente
655 2810 809 2874 membro
824 2810 937 2873 locum
950 2805 1080 2871 hahere
1092 2801 1142 2869 di-

149 2906 206 2975 cit.
228 2908 269 2978 V·
284 2908 357 2981 Ast.
371 2910 414 2977 ad
428 2910 515 2977 Plat.
534 2908 655 2999 Symp.
668 2936 702 3001 p.
717 2911 789 2977 501.

121 3048 124 3069 =
223 3013 254 3091 .ιὶ
258 3011 510 3101 χαλιιιποιητικῆ
516 3014 640 3092 veliin
647 3015 948 3099 zaleucumMargo
956 3010 1143 3079 Caecubon.

225 3139 313 3207 pag.
329 3110 360 3182 a.
382 3116 428 3184 A.
441 3116 493 3202 ὕφ’
509 3112 598 3185 αὑτά.
615 3150 657 3164 -
674 3116 793 3202 *Marg.
810 3117 998 3183 Casaubon.
1017 3111 1070 3180 ὑπ’
1084 3111 1145 3181 αι’·

125 3213 203 3295 ια’,
224 3242 327 3307 quam
341 3219 521 3288 lectionem
533 3219 638 3290 etiam
651 3216 797 3302 Scaliger
816 3220 975 3284 maluisse
997 3219 1141 3284 videtur.

231 3317 404 3389 ds’miricx
412 3319 777 3389 Caecubon.etVictur.
794 3321 939 3408 Vulgata
948 3332 1000 3388 est
1007 3321 1045 3390 δι’
1052 3308 1141 3391 'airh

232 3421 339 3497 scilla.
363 3426 491 3515 Victor.
507 3426 628 3499 Venet.
1115 3432 1118 3437 “

228 3524 351 3612 πρόεισι
365 3525 423 3621 yolo
439 3528 519 3596 οὕτω
536 3525 563 3616 y'
578 3531 624 3603 εἰς
638 3526 775 3613 ἄπειρον.
789 3563 832 3578 ·-
860 3529 945 3596 Ven.
960 3528 985 3595 I.
999 3531 1073 3595 Bas.
1089 3526 1143 3596 oii-

144 3654 212 3705 πως.
255 3629 296 3696 In
310 3628 433 3718 πρόεισι
454 3628 725 3702 subaudiendum
747 3641 797 3699 est
817 3630 942 3715 πρᾶγμα
967 3632 1023 3696 vel
1042 3632 1141 3708 τοῦτο,

144 3731 260 3795 minus
279 3742 372 3798 recte
390 3733 413 3812 η’
431 3732 545 3818 ὄρεξις,
587 3732 677 3819 quod
705 3754 785 3798 oum
806 3733 935 3800 Graeco
957 3732 1142 3801 Scholiasta

145 3833 223 3898 vult
236 3834 409 3914 Muretus,
432 3838 526 3920 cujus
540 3835 673 3922 generis
686 3836 787 3923 plura
799 3835 954 3924 exempla
976 3836 1140 3926 suppedi-

6 3921 10 3932 '
33 3986 56 4053 l
144 3945 196 4003 tat
216 3956 261 4001 ex
282 3934 424 4004 Platone
445 3936 623 4009 Heindorf.
639 3936 683 4006 a'd
703 3937 883 4022 Theseos,
902 3938 932 4025 §·
946 3957 999 4024 72.
1013 3960 1048 4028 p·
1065 3936 1137 4026 579·
